match_id,player1,player2,elapsed_time,set_no,game_no,point_no,p1_sets,p2_sets,p1_games,p2_games,p1_score,p2_score,server,serve_no,point_victor,p1_points_won,p2_points_won,game_victor,set_victor,p1_ace,p2_ace,p1_winner,p2_winner,winner_shot_type,p1_double_fault,p2_double_fault,p1_unf_err,p2_unf_err,p1_net_pt,p2_net_pt,p1_net_pt_won,p2_net_pt_won,p1_break_pt,p2_break_pt,p1_break_pt_won,p2_break_pt_won,p1_break_pt_missed,p2_break_pt_missed,p1_distance_run,p2_distance_run,rally_count,speed_mph,serve_width,serve_depth,return_depth,elapsed_seconds,point_uid,match_winner_flag,is_tiebreak_like,is_second_serve,is_break_point_any,any_ace,any_double_fault,any_winner,any_unforced_error
2023-wimbledon-1301,Carlos Alcaraz,Nicolas Jarry,00:00:00,1,1,1,0,0,0,0,0,0,1,2,2,0,1,0,0,0,0,0,0,0,0,0,1,0,0,0,0,0,0,0,0,0,0,0,6.0,7.84,2,95.0,BC,NCTL,ND,0,2023-wimbledon-1301_S1_G1_P1,1,0,1,0,0,0,0,1
2023-wimbledon-1301,Carlos Alcaraz,Nicolas Jarry,00:00:38,1,1,2,0,0,0,0,0,15,1,1,1,1,1,0,0,0,0,0,0,0,0,0,0,0,0,0,0,0,0,0,0,0,0,0,5.253,7.094,1,118.0,B,CTL,ND,38,2023-wimbledon-1301_S1_G1_P2,1,0,0,0,0,0,0,0
2023-wimbledon-1301,Carlos Alcaraz,Nicolas Jarry,00:01:01,1,1,3,0,0,0,0,15,15,1,1,2,1,2,0,0,0,0,0,0,0,0,0,1,0,0,0,0,0,0,0,0,0,0,0,13.8,19.808,4,120.0,B,NCTL,D,61,2023-wimbledon-1301_S1_G1_P3,1,0,0,0,0,0,0,1
2023-wimbledon-1301,Carlos Alcaraz,Nicolas Jarry,00:01:31,1,1,4,0,0,0,0,15,30,1,1,1,2,2,0,0,0,0,1,0,F,0,0,0,0,0,1,0,0,0,0,0,0,0,0,51.108,75.631,13,130.0,BW,CTL,D,91,2023-wimbledon-1301_S1_G1_P4,1,0,0,0,0,0,1,0
2023-wimbledon-1301,Carlos Alcaraz,Nicolas Jarry,00:02:21,1,1,5,0,0,0,0,30,30,1,1,1,3,2,0,0,1,0,1,0,0,0,0,0,0,0,0,0,0,0,0,0,0,0,0,0.649,0.813,1,112.0,W,NCTL,,141,2023-wimbledon-1301_S1_G1_P5,1,0,0,0,1,0,1,0
2023-wimbledon-1301,Carlos Alcaraz,Nicolas Jarry,00:02:50,1,1,6,0,0,0,0,40,30,1,2,2,3,3,0,0,0,0,0,0,0,0,0,0,0,0,0,0,0,0,0,0,0,0,0,5.291,4.249,2,97.0,BW,NCTL,ND,170,2023-wimbledon-1301_S1_G1_P6,1,0,1,0,0,0,0,0
2023-wimbledon-1301,Carlos Alcaraz,Nicolas Jarry,00:03:33,1,1,7,0,0,0,0,40,40,1,1,1,4,3,0,0,1,0,1,0,0,0,0,0,0,0,0,0,0,0,0,0,0,0,0,6.817,17.821,1,109.0,W,CTL,D,213,2023-wimbledon-1301_S1_G1_P7,1,0,0,0,1,0,1,0
2023-wimbledon-1301,Carlos Alcaraz,Nicolas Jarry,00:04:01,1,1,8,0,0,0,0,AD,40,1,2,2,4,4,0,0,0,0,0,1,F,0,0,0,0,0,1,0,1,0,0,0,0,0,0,17.503,18.067,6,105.0,B,NCTL,ND,241,2023-wimbledon-1301_S1_G1_P8,1,0,1,0,0,0,1,0
2023-wimbledon-1301,Carlos Alcaraz,Nicolas Jarry,00:04:48,1,1,9,0,0,0,0,40,40,1,1,1,5,4,0,0,0,0,0,0,0,0,0,0,0,1,0,1,0,0,0,0,0,0,0,34.489,24.594,7,128.0,BC,CTL,D,288,2023-wimbledon-1301_S1_G1_P9,1,0,0,0,0,0,0,0
2023-wimbledon-1301,Carlos Alcaraz,Nicolas Jarry,00:05:32,1,1,10,0,0,0,0,AD,40,1,1,1,6,4,1,0,0,0,0,0,0,0,0,0,0,0,0,0,0,0,0,0,0,0,0,21.235,27.427,5,110.0,B,NCTL,ND,332,2023-wimbledon-1301_S1_G1_P10,1,0,0,0,0,0,0,0
2023-wimbledon-1301,Carlos Alcaraz,Nicolas Jarry,00:07:05,1,2,11,0,0,1,0,0,0,2,1,2,6,5,0,0,0,1,0,1,0,0,0,0,0,0,0,0,0,0,0,0,0,0,0,5.785,4.915,1,112.0,W,CTL,D,425,2023-wimbledon-1301_S1_G2_P11,1,0,0,0,1,0,1,0
2023-wimbledon-1301,Carlos Alcaraz,Nicolas Jarry,00:07:28,1,2,12,0,0,1,0,0,15,2,1,1,7,5,0,0,0,0,0,0,0,0,0,0,0,0,0,0,0,0,0,0,0,0,0,19.744,18.244,4,130.0,W,NCTL,D,448,2023-wimbledon-1301_S1_G2_P12,1,0,0,0,0,0,0,0
2023-wimbledon-1301,Carlos Alcaraz,Nicolas Jarry,00:08:06,1,2,13,0,0,1,0,15,15,2,1,1,8,5,0,0,0,0,0,0,0,0,0,0,1,0,0,0,0,0,0,0,0,0,0,26.013,18.626,4,120.0,C,NCTL,D,486,2023-wimbledon-1301_S1_G2_P13,1,0,0,0,0,0,0,1
2023-wimbledon-1301,Carlos Alcaraz,Nicolas Jarry,00:08:41,1,2,14,0,0,1,0,30,15,2,1,2,8,6,0,0,0,0,0,1,F,0,0,0,0,0,0,0,0,0,0,0,0,0,0,10.667,7.112,3,128.0,W,NCTL,ND,521,2023-wimbledon-1301_S1_G2_P14,1,0,0,0,0,0,1,0
2023-wimbledon-1301,Carlos Alcaraz,Nicolas Jarry,00:09:11,1,2,15,0,0,1,0,30,30,2,1,2,8,7,0,0,0,0,0,0,0,0,0,0,0,0,0,0,0,0,0,0,0,0,0,3.399,2.237,1,130.0,C,NCTL,ND,551,2023-wimbledon-1301_S1_G2_P15,1,0,0,0,0,0,0,0
2023-wimbledon-1301,Carlos Alcaraz,Nicolas Jarry,00:09:37,1,2,16,0,0,1,0,30,40,2,2,1,9,7,0,0,0,0,0,0,0,0,0,0,0,0,0,0,0,0,0,0,0,0,0,5.3,4.307,2,97.0,BW,NCTL,D,577,2023-wimbledon-1301_S1_G2_P16,1,0,1,0,0,0,0,0
2023-wimbledon-1301,Carlos Alcaraz,Nicolas Jarry,00:10:20,1,2,17,0,0,1,0,40,40,2,1,2,9,8,0,0,0,0,0,0,0,0,0,0,0,0,0,0,0,0,0,0,0,0,0,5.245,5.499,1,124.0,BC,NCTL,,620,2023-wimbledon-1301_S1_G2_P17,1,0,0,0,0,0,0,0
2023-wimbledon-1301,Carlos Alcaraz,Nicolas Jarry,00:10:45,1,2,18,0,0,1,0,40,AD,2,1,2,9,9,2,0,0,0,0,1,F,0,0,0,0,0,1,0,1,0,0,0,0,0,0,15.194,16.594,3,116.0,C,NCTL,ND,645,2023-wimbledon-1301_S1_G2_P18,1,0,0,0,0,0,1,0
2023-wimbledon-1301,Carlos Alcaraz,Nicolas Jarry,00:11:24,1,3,19,0,0,1,1,0,0,1,1,1,10,9,0,0,1,0,1,0,0,0,0,0,0,0,0,0,0,0,0,0,0,0,0,0.899,1.073,1,126.0,C,CTL,,684,2023-wimbledon-1301_S1_G3_P19,1,0,0,0,1,0,1,0
2023-wimbledon-1301,Carlos Alcaraz,Nicolas Jarry,00:11:47,1,3,20,0,0,1,1,15,0,1,1,1,11,9,0,0,0,0,0,0,0,0,0,0,0,0,0,0,0,0,0,0,0,0,0,18.088,34.756,5,127.0,W,CTL,D,707,2023-wimbledon-1301_S1_G3_P20,1,0,0,0,0,0,0,0
2023-wimbledon-1301,Carlos Alcaraz,Nicolas Jarry,00:12:17,1,3,21,0,0,1,1,30,0,1,1,2,11,10,0,0,0,0,0,0,0,0,0,0,0,0,0,0,0,0,0,0,0,0,0,7.288,10.818,2,114.0,BW,NCTL,D,737,2023-wimbledon-1301_S1_G3_P21,1,0,0,0,0,0,0,0
2023-wimbledon-1301,Carlos Alcaraz,Nicolas Jarry,00:12:44,1,3,22,0,0,1,1,30,15,1,1,1,12,10,0,0,0,0,0,0,0,0,0,0,1,0,0,0,0,0,0,0,0,0,0,42.166,32.944,9,127.0,B,NCTL,ND,764,2023-wimbledon-1301_S1_G3_P22,1,0,0,0,0,0,0,1
2023-wimbledon-1301,Carlos Alcaraz,Nicolas Jarry,00:13:26,1,3,23,0,0,1,1,40,15,1,2,1,13,10,1,0,0,0,0,0,0,0,0,0,0,0,0,0,0,0,0,0,0,0,0,3.782,4.479,1,103.0,BC,NCTL,D,806,2023-wimbledon-1301_S1_G3_P23,1,0,1,0,0,0,0,0
2023-wimbledon-1301,Carlos Alcaraz,Nicolas Jarry,00:15:31,1,4,24,0,0,2,1,0,0,2,2,2,13,11,0,0,0,0,0,0,0,0,0,1,0,0,0,0,0,0,0,0,0,0,0,12.601,13.713,3,107.0,BC,NCTL,ND,931,2023-wimbledon-1301_S1_G4_P24,1,0,1,0,0,0,0,1
2023-wimbledon-1301,Carlos Alcaraz,Nicolas Jarry,00:16:15,1,4,25,0,0,2,1,0,15,2,1,2,13,12,0,0,0,0,0,0,0,0,0,0,0,0,0,0,0,0,0,0,0,0,0,14.925,13.976,3,111.0,BW,NCTL,ND,975,2023-wimbledon-1301_S1_G4_P25,1,0,0,0,0,0,0,0
2023-wimbledon-1301,Carlos Alcaraz,Nicolas Jarry,00:16:47,1,4,26,0,0,2,1,0,30,2,1,2,13,13,0,0,0,1,0,1,0,0,0,0,0,0,0,0,0,0,0,0,0,0,0,0.903,1.067,1,125.0,C,NCTL,,1007,2023-wimbledon-1301_S1_G4_P26,1,0,0,0,1,0,1,0
2023-wimbledon-1301,Carlos Alcaraz,Nicolas Jarry,00:17:08,1,4,27,0,0,2,1,0,40,2,1,2,13,14,2,0,0,0,0,1,F,0,0,0,0,0,0,0,0,0,0,0,0,0,0,20.027,7.402,3,126.0,W,NCTL,,1028,2023-wimbledon-1301_S1_G4_P27,1,0,0,0,0,0,1,0
2023-wimbledon-1301,Carlos Alcaraz,Nicolas Jarry,00:17:49,1,5,28,0,0,2,2,0,0,1,1,1,14,14,0,0,0,0,1,0,F,0,0,0,0,0,0,0,0,0,0,0,0,0,0,15.352,29.366,5,116.0,W,CTL,ND,1069,2023-wimbledon-1301_S1_G5_P28,1,0,0,0,0,0,1,0
2023-wimbledon-1301,Carlos Alcaraz,Nicolas Jarry,00:18:25,1,5,29,0,0,2,2,15,0,1,1,1,15,14,0,0,0,0,0,0,0,0,0,0,0,0,0,0,0,0,0,0,0,0,0,4.285,8.276,1,129.0,C,NCTL,ND,1105,2023-wimbledon-1301_S1_G5_P29,1,0,0,0,0,0,0,0
2023-wimbledon-1301,Carlos Alcaraz,Nicolas Jarry,00:18:50,1,5,30,0,0,2,2,30,0,1,1,1,16,14,0,0,0,0,0,0,0,0,0,0,0,1,0,1,0,0,0,0,0,0,0,11.974,12.523,3,110.0,BC,NCTL,ND,1130,2023-wimbledon-1301_S1_G5_P30,1,0,0,0,0,0,0,0
2023-wimbledon-1301,Carlos Alcaraz,Nicolas Jarry,00:19:20,1,5,31,0,0,2,2,40,0,1,2,2,16,15,0,0,0,0,0,0,0,0,0,1,0,0,0,0,0,0,0,0,0,0,0,5.609,6.965,2,113.0,BC,NCTL,ND,1160,2023-wimbledon-1301_S1_G5_P31,1,0,1,0,0,0,0,1
2023-wimbledon-1301,Carlos Alcaraz,Nicolas Jarry,00:20:03,1,5,32,0,0,2,2,40,15,1,2,2,16,16,0,0,0,0,0,0,0,0,0,0,0,0,0,0,0,0,0,0,0,0,0,8.518,12.74,2,104.0,BC,NCTL,D,1203,2023-wimbledon-1301_S1_G5_P32,1,0,1,0,0,0,0,0
2023-wimbledon-1301,Carlos Alcaraz,Nicolas Jarry,00:20:55,1,5,33,0,0,2,2,40,30,1,1,2,16,17,0,0,0,0,0,0,0,0,0,1,0,0,0,0,0,0,0,0,0,0,0,8.859,11.439,2,111.0,B,CTL,D,1255,2023-wimbledon-1301_S1_G5_P33,1,0,0,0,0,0,0,1
2023-wimbledon-1301,Carlos Alcaraz,Nicolas Jarry,00:21:27,1,5,34,0,0,2,2,40,40,1,2,1,17,17,0,0,0,0,0,0,0,0,0,0,0,1,0,1,0,0,0,0,0,0,0,30.782,25.6,5,97.0,C,CTL,D,1287,2023-wimbledon-1301_S1_G5_P34,1,0,1,0,0,0,0,0
2023-wimbledon-1301,Carlos Alcaraz,Nicolas Jarry,00:22:19,1,5,35,0,0,2,2,AD,40,1,1,1,18,17,1,0,0,0,0,0,0,0,0,0,0,1,0,1,0,0,0,0,0,0,0,6.824,9.574,1,114.0,C,NCTL,D,1339,2023-wimbledon-1301_S1_G5_P35,1,0,0,0,0,0,0,0
2023-wimbledon-1301,Carlos Alcaraz,Nicolas Jarry,00:24:22,1,6,36,0,0,3,2,0,0,2,1,2,18,18,0,0,0,0,0,0,0,0,0,0,0,0,0,0,0,0,0,0,0,0,0,7.809,6.11,1,110.0,W,CTL,ND,1462,2023-wimbledon-1301_S1_G6_P36,1,0,0,0,0,0,0,0
2023-wimbledon-1301,Carlos Alcaraz,Nicolas Jarry,00:24:53,1,6,37,0,0,3,2,0,15,2,2,1,19,18,0,0,0,0,0,0,0,0,0,0,1,0,0,0,0,0,0,0,0,0,0,29.094,29.593,6,90.0,BW,NCTL,ND,1493,2023-wimbledon-1301_S1_G6_P37,1,0,1,0,0,0,0,1
2023-wimbledon-1301,Carlos Alcaraz,Nicolas Jarry,00:26:05,1,6,38,0,0,3,2,15,15,2,1,2,19,19,0,0,0,0,0,0,0,0,0,0,0,0,0,0,0,0,0,0,0,0,0,6.815,5.189,1,125.0,C,NCTL,D,1565,2023-wimbledon-1301_S1_G6_P38,1,0,0,0,0,0,0,0
2023-wimbledon-1301,Carlos Alcaraz,Nicolas Jarry,00:26:30,1,6,39,0,0,3,2,15,30,2,1,2,19,20,0,0,0,0,0,0,0,0,0,0,0,0,0,0,0,0,0,0,0,0,0,2.678,2.617,1,127.0,B,NCTL,ND,1590,2023-wimbledon-1301_S1_G6_P39,1,0,0,0,0,0,0,0
2023-wimbledon-1301,Carlos Alcaraz,Nicolas Jarry,00:26:56,1,6,40,0,0,3,2,15,40,2,2,2,19,21,2,0,0,0,0,0,0,0,0,0,0,0,0,0,0,0,0,0,0,0,0,5.043,4.667,1,111.0,BW,NCTL,ND,1616,2023-wimbledon-1301_S1_G6_P40,1,0,1,0,0,0,0,0
2023-wimbledon-1301,Carlos Alcaraz,Nicolas Jarry,00:27:42,1,7,41,0,0,3,3,0,0,1,2,1,20,21,0,0,0,0,1,0,B,0,0,0,0,0,1,0,0,0,0,0,0,0,0,34.233,32.677,9,107.0,BW,NCTL,ND,1662,2023-wimbledon-1301_S1_G7_P41,1,0,1,0,0,0,1,0
2023-wimbledon-1301,Carlos Alcaraz,Nicolas Jarry,00:28:37,1,7,42,0,0,3,3,15,0,1,1,1,21,21,0,0,0,0,0,0,0,0,0,0,1,0,1,0,0,0,0,0,0,0,0,9.872,19.138,3,120.0,C,NCTL,ND,1717,2023-wimbledon-1301_S1_G7_P42,1,0,0,0,0,0,0,1
2023-wimbledon-1301,Carlos Alcaraz,Nicolas Jarry,00:29:06,1,7,43,0,0,3,3,30,0,1,1,1,22,21,0,0,0,0,1,0,F,0,0,0,0,0,0,0,0,0,0,0,0,0,0,6.277,11.043,3,115.0,W,CTL,ND,1746,2023-wimbledon-1301_S1_G7_P43,1,0,0,0,0,0,1,0
2023-wimbledon-1301,Carlos Alcaraz,Nicolas Jarry,00:29:32,1,7,44,0,0,3,3,40,0,1,2,2,22,22,0,0,0,0,0,0,0,0,0,0,0,0,0,0,0,0,0,0,0,0,0,18.076,18.664,6,104.0,BW,NCTL,D,1772,2023-wimbledon-1301_S1_G7_P44,1,0,1,0,0,0,0,0
2023-wimbledon-1301,Carlos Alcaraz,Nicolas Jarry,00:30:17,1,7,45,0,0,3,3,40,15,1,2,1,23,22,1,0,0,0,0,0,0,0,0,0,0,0,1,0,0,0,0,0,0,0,0,31.727,25.324,5,101.0,B,NCTL,D,1817,2023-wimbledon-1301_S1_G7_P45,1,0,1,0,0,0,0,0
2023-wimbledon-1301,Carlos Alcaraz,Nicolas Jarry,00:32:34,1,8,46,0,0,4,3,0,0,2,1,2,23,23,0,0,0,0,0,0,0,0,0,0,0,0,0,0,0,0,0,0,0,0,0,5.879,4.853,1,132.0,C,CTL,D,1954,2023-wimbledon-1301_S1_G8_P46,1,0,0,0,0,0,0,0
2023-wimbledon-1301,Carlos Alcaraz,Nicolas Jarry,00:32:57,1,8,47,0,0,4,3,0,15,2,2,1,24,23,0,0,0,0,0,0,0,0,1,0,1,0,0,0,0,0,0,0,0,0,0,0.929,0.93,0,,W,CTL,,1977,2023-wimbledon-1301_S1_G8_P47,1,0,1,0,0,1,0,1
2023-wimbledon-1301,Carlos Alcaraz,Nicolas Jarry,00:33:33,1,8,48,0,0,4,3,15,15,2,1,2,24,24,0,0,0,1,0,1,0,0,0,0,0,0,0,0,0,0,0,0,0,0,0,1.427,0.849,1,130.0,C,CTL,,2013,2023-wimbledon-1301_S1_G8_P48,1,0,0,0,1,0,1,0
2023-wimbledon-1301,Carlos Alcaraz,Nicolas Jarry,00:33:58,1,8,49,0,0,4,3,15,30,2,2,1,25,24,0,0,0,0,0,0,0,0,0,0,1,0,0,0,0,0,0,0,0,0,0,17.838,18.464,6,101.0,BW,NCTL,D,2038,2023-wimbledon-1301_S1_G8_P49,1,0,1,0,0,0,0,1
2023-wimbledon-1301,Carlos Alcaraz,Nicolas Jarry,00:34:46,1,8,50,0,0,4,3,30,30,2,2,1,26,24,0,0,0,0,1,0,F,0,0,0,0,0,1,0,0,0,0,0,0,0,0,61.781,54.356,16,106.0,B,NCTL,D,2086,2023-wimbledon-1301_S1_G8_P50,1,0,1,0,0,0,1,0
2023-wimbledon-1301,Carlos Alcaraz,Nicolas Jarry,00:36:02,1,8,51,0,0,4,3,40,30,2,2,1,27,24,1,0,0,0,0,0,0,0,0,0,1,0,0,0,0,1,0,1,0,0,0,29.677,19.121,6,106.0,B,NCTL,ND,2162,2023-wimbledon-1301_S1_G8_P51,1,0,1,1,0,0,0,1
2023-wimbledon-1301,Carlos Alcaraz,Nicolas Jarry,00:37:18,1,9,52,0,0,5,3,0,0,1,1,1,28,24,0,0,0,0,0,0,0,0,0,0,0,0,0,0,0,0,0,0,0,0,0,3.341,4.725,1,115.0,BW,NCTL,D,2238,2023-wimbledon-1301_S1_G9_P52,1,0,0,0,0,0,0,0
2023-wimbledon-1301,Carlos Alcaraz,Nicolas Jarry,00:37:44,1,9,53,0,0,5,3,15,0,1,2,2,28,25,0,0,0,0,0,0,0,0,0,0,0,0,0,0,0,0,0,0,0,0,0,5.528,7.524,2,100.0,BW,NCTL,D,2264,2023-wimbledon-1301_S1_G9_P53,1,0,1,0,0,0,0,0
2023-wimbledon-1301,Carlos Alcaraz,Nicolas Jarry,00:38:26,1,9,54,0,0,5,3,15,15,1,1,1,29,25,0,0,0,0,0,0,0,0,0,0,0,0,0,0,0,0,0,0,0,0,0,4.227,6.116,1,122.0,BC,NCTL,D,2306,2023-wimbledon-1301_S1_G9_P54,1,0,0,0,0,0,0,0
2023-wimbledon-1301,Carlos Alcaraz,Nicolas Jarry,00:38:54,1,9,55,0,0,5,3,30,15,1,1,2,29,26,0,0,0,0,0,0,0,0,0,0,0,1,0,0,0,0,0,0,0,0,0,11.654,11.702,4,115.0,C,NCTL,ND,2334,2023-wimbledon-1301_S1_G9_P55,1,0,0,0,0,0,0,0
2023-wimbledon-1301,Carlos Alcaraz,Nicolas Jarry,00:39:29,1,9,56,0,0,5,3,30,30,1,1,1,30,26,0,0,0,0,0,0,0,0,0,0,0,1,0,1,0,0,0,0,0,0,0,11.34,11.519,3,129.0,C,NCTL,ND,2369,2023-wimbledon-1301_S1_G9_P56,1,0,0,0,0,0,0,0
2023-wimbledon-1301,Carlos Alcaraz,Nicolas Jarry,00:40:01,1,9,57,0,0,5,3,40,30,1,1,2,30,27,0,0,0,0,0,0,0,0,0,1,0,1,0,0,0,0,0,0,0,0,0,9.299,8.077,2,113.0,BW,NCTL,,2401,2023-wimbledon-1301_S1_G9_P57,1,0,0,0,0,0,0,1
2023-wimbledon-1301,Carlos Alcaraz,Nicolas Jarry,00:40:33,1,9,58,0,0,5,3,40,40,1,1,1,31,27,0,0,0,0,0,0,0,0,0,0,0,0,1,0,0,0,0,0,0,0,0,31.428,29.751,7,114.0,BW,NCTL,D,2433,2023-wimbledon-1301_S1_G9_P58,1,0,0,0,0,0,0,0
2023-wimbledon-1301,Carlos Alcaraz,Nicolas Jarry,00:41:23,1,9,59,0,0,5,3,AD,40,1,2,2,31,28,0,0,0,0,0,1,F,0,0,0,0,0,1,0,1,0,0,0,0,0,0,16.514,17.962,4,88.0,BW,NCTL,ND,2483,2023-wimbledon-1301_S1_G9_P59,1,0,1,0,0,0,1,0
2023-wimbledon-1301,Carlos Alcaraz,Nicolas Jarry,00:42:31,1,9,60,0,0,5,3,40,40,1,1,2,31,29,0,0,0,0,0,1,F,0,0,0,0,0,1,0,1,0,0,0,0,0,0,21.882,23.411,6,123.0,BC,NCTL,D,2551,2023-wimbledon-1301_S1_G9_P60,1,0,0,0,0,0,1,0
2023-wimbledon-1301,Carlos Alcaraz,Nicolas Jarry,00:43:18,1,9,61,0,0,5,3,40,AD,1,1,1,32,29,0,0,0,0,1,0,B,0,0,0,0,0,0,0,0,0,1,0,0,0,1,18.705,28.259,7,121.0,BC,NCTL,ND,2598,2023-wimbledon-1301_S1_G9_P61,1,0,0,1,0,0,1,0
2023-wimbledon-1301,Carlos Alcaraz,Nicolas Jarry,00:43:59,1,9,62,0,0,5,3,40,40,1,1,1,33,29,0,0,0,0,0,0,0,0,0,0,0,0,0,0,0,0,0,0,0,0,0,2.109,3.14,1,130.0,C,NCTL,ND,2639,2023-wimbledon-1301_S1_G9_P62,1,0,0,0,0,0,0,0
2023-wimbledon-1301,Carlos Alcaraz,Nicolas Jarry,00:44:29,1,9,63,0,0,5,3,AD,40,1,1,1,34,29,1,1,0,0,0,0,0,0,0,0,1,1,0,1,0,0,0,0,0,0,0,16.592,19.606,3,132.0,BW,NCTL,ND,2669,2023-wimbledon-1301_S1_G9_P63,1,0,0,0,0,0,0,1
2023-wimbledon-1301,Carlos Alcaraz,Nicolas Jarry,00:47:04,2,1,64,1,0,0,0,0,0,2,1,2,34,30,0,0,0,1,0,1,0,0,0,0,0,0,0,0,0,0,0,0,0,0,0,1.621,0.843,1,123.0,C,NCTL,,2824,2023-wimbledon-1301_S2_G1_P64,1,0,0,0,1,0,1,0
2023-wimbledon-1301,Carlos Alcaraz,Nicolas Jarry,00:47:27,2,1,65,1,0,0,0,0,15,2,1,2,34,31,0,0,0,1,0,1,0,0,0,0,0,0,0,0,0,0,0,0,0,0,0,0.896,0.864,1,117.0,C,NCTL,,2847,2023-wimbledon-1301_S2_G1_P65,1,0,0,0,1,0,1,0
2023-wimbledon-1301,Carlos Alcaraz,Nicolas Jarry,00:47:52,2,1,66,1,0,0,0,0,30,2,1,2,34,32,0,0,0,0,0,0,0,0,0,0,0,0,1,0,1,0,0,0,0,0,0,3.619,3.818,1,123.0,B,NCTL,ND,2872,2023-wimbledon-1301_S2_G1_P66,1,0,0,0,0,0,0,0
2023-wimbledon-1301,Carlos Alcaraz,Nicolas Jarry,00:48:17,2,1,67,1,0,0,0,0,40,2,1,2,34,33,2,0,0,0,0,0,0,0,0,0,0,0,0,0,0,0,0,0,0,0,0,9.33,6.471,1,122.0,C,CTL,ND,2897,2023-wimbledon-1301_S2_G1_P67,1,0,0,0,0,0,0,0
2023-wimbledon-1301,Carlos Alcaraz,Nicolas Jarry,00:49:17,2,2,68,1,0,0,1,0,0,1,1,1,35,33,0,0,1,0,1,0,0,0,0,0,0,0,0,0,0,0,0,0,0,0,0,0.827,1.015,1,127.0,C,NCTL,,2957,2023-wimbledon-1301_S2_G2_P68,1,0,0,0,1,0,1,0
2023-wimbledon-1301,Carlos Alcaraz,Nicolas Jarry,00:49:38,2,2,69,1,0,0,1,15,0,1,2,1,36,33,0,0,0,0,0,0,0,0,0,0,0,0,0,0,0,0,0,0,0,0,0,2.754,3.715,1,102.0,BW,NCTL,ND,2978,2023-wimbledon-1301_S2_G2_P69,1,0,1,0,0,0,0,0
2023-wimbledon-1301,Carlos Alcaraz,Nicolas Jarry,00:50:14,2,2,70,1,0,0,1,30,0,1,2,2,36,34,0,0,0,0,0,1,F,0,0,0,0,0,0,0,0,0,0,0,0,0,0,3.314,3.801,2,111.0,BW,NCTL,D,3014,2023-wimbledon-1301_S2_G2_P70,1,0,1,0,0,0,1,0
2023-wimbledon-1301,Carlos Alcaraz,Nicolas Jarry,00:51:10,2,2,71,1,0,0,1,30,15,1,1,2,36,35,0,0,0,0,0,0,0,0,0,1,0,0,0,0,0,0,0,0,0,0,0,35.48,40.171,12,118.0,BC,NCTL,D,3070,2023-wimbledon-1301_S2_G2_P71,1,0,0,0,0,0,0,1
2023-wimbledon-1301,Carlos Alcaraz,Nicolas Jarry,00:51:54,2,2,72,1,0,0,1,30,30,1,1,1,37,35,0,0,1,0,1,0,0,0,0,0,0,0,0,0,0,0,0,0,0,0,0,0.824,1.682,1,126.0,C,NCTL,,3114,2023-wimbledon-1301_S2_G2_P72,1,0,0,0,1,0,1,0
2023-wimbledon-1301,Carlos Alcaraz,Nicolas Jarry,00:52:21,2,2,73,1,0,0,1,40,30,1,2,2,37,36,0,0,0,0,0,0,0,0,0,1,0,0,0,0,0,0,0,0,0,0,0,11.674,13.243,2,97.0,W,CTL,ND,3141,2023-wimbledon-1301_S2_G2_P73,1,0,1,0,0,0,0,1
2023-wimbledon-1301,Carlos Alcaraz,Nicolas Jarry,00:53:06,2,2,74,1,0,0,1,40,40,1,2,2,37,37,0,0,0,0,0,0,0,0,0,1,0,0,0,0,0,0,0,0,0,0,0,7.494,9.222,2,105.0,BC,NCTL,D,3186,2023-wimbledon-1301_S2_G2_P74,1,0,1,0,0,0,0,1
2023-wimbledon-1301,Carlos Alcaraz,Nicolas Jarry,00:54:11,2,2,75,1,0,0,1,40,AD,1,1,2,37,38,2,0,0,0,0,0,0,0,0,0,0,0,0,0,0,0,1,0,1,0,0,8.235,10.59,2,129.0,B,NCTL,ND,3251,2023-wimbledon-1301_S2_G2_P75,1,0,0,1,0,0,0,0
2023-wimbledon-1301,Carlos Alcaraz,Nicolas Jarry,00:54:56,2,3,76,1,0,0,2,0,0,2,1,2,37,39,0,0,0,0,0,0,0,0,0,0,0,0,0,0,0,0,0,0,0,0,0,8.125,7.455,1,126.0,C,CTL,D,3296,2023-wimbledon-1301_S2_G3_P76,1,0,0,0,0,0,0,0
2023-wimbledon-1301,Carlos Alcaraz,Nicolas Jarry,00:55:20,2,3,77,1,0,0,2,0,15,2,1,2,37,40,0,0,0,0,0,0,0,0,0,0,0,0,0,0,0,0,0,0,0,0,0,9.712,11.06,1,128.0,W,CTL,ND,3320,2023-wimbledon-1301_S2_G3_P77,1,0,0,0,0,0,0,0
2023-wimbledon-1301,Carlos Alcaraz,Nicolas Jarry,00:55:50,2,3,78,1,0,0,2,0,30,2,1,2,37,41,0,0,0,0,0,1,F,0,0,0,0,0,0,0,0,0,0,0,0,0,0,10.788,5.077,3,108.0,BW,NCTL,D,3350,2023-wimbledon-1301_S2_G3_P78,1,0,0,0,0,0,1,0
2023-wimbledon-1301,Carlos Alcaraz,Nicolas Jarry,00:57:08,2,3,79,1,0,0,2,0,40,2,2,2,37,42,2,0,0,0,0,0,0,0,0,1,0,0,0,0,0,0,0,0,0,0,0,33.044,35.246,7,101.0,W,CTL,D,3428,2023-wimbledon-1301_S2_G3_P79,1,0,1,0,0,0,0,1
2023-wimbledon-1301,Carlos Alcaraz,Nicolas Jarry,00:59:22,2,4,80,1,0,0,3,0,0,1,2,2,37,43,0,0,0,0,0,0,0,0,0,0,0,0,0,0,0,0,0,0,0,0,0,54.924,44.017,10,106.0,B,NCTL,D,3562,2023-wimbledon-1301_S2_G4_P80,1,0,1,0,0,0,0,0
2023-wimbledon-1301,Carlos Alcaraz,Nicolas Jarry,01:00:17,2,4,81,1,0,0,3,0,15,1,1,1,38,43,0,0,0,0,0,0,0,0,0,0,0,0,0,0,0,0,0,0,0,0,0,6.013,9.173,1,111.0,C,NCTL,ND,3617,2023-wimbledon-1301_S2_G4_P81,1,0,0,0,0,0,0,0
2023-wimbledon-1301,Carlos Alcaraz,Nicolas Jarry,01:00:41,2,4,82,1,0,0,3,15,15,1,1,1,39,43,0,0,1,0,1,0,0,0,0,0,0,0,0,0,0,0,0,0,0,0,0,0.761,0.939,1,110.0,W,CTL,,3641,2023-wimbledon-1301_S2_G4_P82,1,0,0,0,1,0,1,0
2023-wimbledon-1301,Carlos Alcaraz,Nicolas Jarry,01:01:21,2,4,83,1,0,0,3,30,15,1,1,2,39,44,0,0,0,0,0,0,0,0,0,0,0,0,0,0,0,0,0,0,0,0,0,57.844,40.876,8,119.0,C,CTL,D,3681,2023-wimbledon-1301_S2_G4_P83,1,0,0,0,0,0,0,0
2023-wimbledon-1301,Carlos Alcaraz,Nicolas Jarry,01:02:05,2,4,84,1,0,0,3,30,30,1,2,2,39,45,0,0,0,0,0,1,B,0,0,0,0,0,1,0,1,0,0,0,0,0,0,12.977,15.558,4,95.0,C,NCTL,ND,3725,2023-wimbledon-1301_S2_G4_P84,1,0,1,0,0,0,1,0
2023-wimbledon-1301,Carlos Alcaraz,Nicolas Jarry,01:02:54,2,4,85,1,0,0,3,30,40,1,2,1,40,45,0,0,0,0,0,0,0,0,0,0,1,0,0,0,0,0,1,0,0,0,1,9.419,12.316,3,95.0,B,NCTL,ND,3774,2023-wimbledon-1301_S2_G4_P85,1,0,1,1,0,0,0,1
2023-wimbledon-1301,Carlos Alcaraz,Nicolas Jarry,01:03:50,2,4,86,1,0,0,3,40,40,1,1,1,41,45,0,0,0,0,0,0,0,0,0,0,1,0,0,0,0,0,0,0,0,0,0,14.306,18.004,3,102.0,BW,CTL,ND,3830,2023-wimbledon-1301_S2_G4_P86,1,0,0,0,0,0,0,1
2023-wimbledon-1301,Carlos Alcaraz,Nicolas Jarry,01:04:21,2,4,87,1,0,0,3,AD,40,1,2,1,42,45,1,0,0,0,0,0,0,0,0,0,0,0,0,0,0,0,0,0,0,0,0,46.74,38.948,11,120.0,B,NCTL,D,3861,2023-wimbledon-1301_S2_G4_P87,1,0,1,0,0,0,0,0
2023-wimbledon-1301,Carlos Alcaraz,Nicolas Jarry,01:05:38,2,5,88,1,0,1,3,0,0,2,1,2,42,46,0,0,0,0,0,1,F,0,0,0,0,0,0,0,0,0,0,0,0,0,0,31.199,15.177,5,113.0,W,CTL,D,3938,2023-wimbledon-1301_S2_G5_P88,1,0,0,0,0,0,1,0
2023-wimbledon-1301,Carlos Alcaraz,Nicolas Jarry,01:06:16,2,5,89,1,0,1,3,0,15,2,1,2,42,47,0,0,0,0,0,0,0,0,0,0,0,0,1,0,1,0,0,0,0,0,0,11.273,7.428,1,128.0,W,NCTL,D,3976,2023-wimbledon-1301_S2_G5_P89,1,0,0,0,0,0,0,0
2023-wimbledon-1301,Carlos Alcaraz,Nicolas Jarry,01:06:46,2,5,90,1,0,1,3,0,30,2,2,1,43,47,0,0,0,0,1,0,B,0,0,0,0,0,1,0,0,0,0,0,0,0,0,22.467,16.135,6,111.0,C,NCTL,ND,4006,2023-wimbledon-1301_S2_G5_P90,1,0,1,0,0,0,1,0
2023-wimbledon-1301,Carlos Alcaraz,Nicolas Jarry,01:07:42,2,5,91,1,0,1,3,15,30,2,1,1,44,47,0,0,0,0,0,0,0,0,0,0,1,0,0,0,0,0,0,0,0,0,0,36.689,27.317,8,131.0,BW,NCTL,D,4062,2023-wimbledon-1301_S2_G5_P91,1,0,0,0,0,0,0,1
2023-wimbledon-1301,Carlos Alcaraz,Nicolas Jarry,01:08:26,2,5,92,1,0,1,3,30,30,2,1,1,45,47,0,0,0,0,0,0,0,0,0,0,1,0,0,0,0,0,0,0,0,0,0,39.829,32.608,10,134.0,C,NCTL,D,4106,2023-wimbledon-1301_S2_G5_P92,1,0,0,0,0,0,0,1
2023-wimbledon-1301,Carlos Alcaraz,Nicolas Jarry,01:09:19,2,5,93,1,0,1,3,40,30,2,1,2,45,48,0,0,0,0,0,0,0,0,0,0,0,0,1,0,1,1,0,0,0,1,0,30.783,24.947,5,123.0,B,NCTL,ND,4159,2023-wimbledon-1301_S2_G5_P93,1,0,0,1,0,0,0,0
2023-wimbledon-1301,Carlos Alcaraz,Nicolas Jarry,01:10:24,2,5,94,1,0,1,3,40,40,2,2,1,46,48,0,0,0,0,0,0,0,0,0,0,0,0,0,0,0,0,0,0,0,0,0,39.903,38.624,10,107.0,C,NCTL,ND,4224,2023-wimbledon-1301_S2_G5_P94,1,0,1,0,0,0,0,0
2023-wimbledon-1301,Carlos Alcaraz,Nicolas Jarry,01:11:30,2,5,95,1,0,1,3,AD,40,2,1,2,46,49,0,0,0,0,0,0,0,0,0,0,0,0,1,0,1,1,0,0,0,1,0,26.961,12.75,3,118.0,W,CTL,ND,4290,2023-wimbledon-1301_S2_G5_P95,1,0,0,1,0,0,0,0
2023-wimbledon-1301,Carlos Alcaraz,Nicolas Jarry,01:12:08,2,5,96,1,0,1,3,40,40,2,1,2,46,50,0,0,0,0,0,0,0,0,0,0,0,0,0,0,0,0,0,0,0,0,0,6.211,4.663,1,131.0,C,NCTL,ND,4328,2023-wimbledon-1301_S2_G5_P96,1,0,0,0,0,0,0,0
2023-wimbledon-1301,Carlos Alcaraz,Nicolas Jarry,01:12:37,2,5,97,1,0,1,3,40,AD,2,1,2,46,51,2,0,0,0,0,1,F,0,0,0,0,0,1,0,1,0,0,0,0,0,0,20.629,16.426,5,129.0,BW,NCTL,,4357,2023-wimbledon-1301_S2_G5_P97,1,0,0,0,0,0,1,0
2023-wimbledon-1301,Carlos Alcaraz,Nicolas Jarry,01:14:48,2,6,98,1,0,1,4,0,0,1,2,2,46,52,0,0,0,0,0,0,0,0,0,0,0,0,0,0,0,0,0,0,0,0,0,6.367,14.617,2,115.0,C,NCTL,ND,4488,2023-wimbledon-1301_S2_G6_P98,1,0,1,0,0,0,0,0
2023-wimbledon-1301,Carlos Alcaraz,Nicolas Jarry,01:15:27,2,6,99,1,0,1,4,0,15,1,1,1,47,52,0,0,0,0,0,0,0,0,0,0,0,0,0,0,0,0,0,0,0,0,0,4.716,6.076,1,109.0,C,NCTL,ND,4527,2023-wimbledon-1301_S2_G6_P99,1,0,0,0,0,0,0,0
2023-wimbledon-1301,Carlos Alcaraz,Nicolas Jarry,01:15:55,2,6,100,1,0,1,4,15,15,1,2,2,47,53,0,0,0,0,0,0,0,0,0,1,0,0,0,0,0,0,0,0,0,0,0,5.607,6.246,2,91.0,C,NCTL,ND,4555,2023-wimbledon-1301_S2_G6_P100,1,0,1,0,0,0,0,1
2023-wimbledon-1301,Carlos Alcaraz,Nicolas Jarry,01:16:53,2,6,101,1,0,1,4,15,30,1,1,1,48,53,0,0,0,0,0,0,0,0,0,0,0,0,0,0,0,0,0,0,0,0,0,2.576,4.202,1,126.0,W,NCTL,ND,4613,2023-wimbledon-1301_S2_G6_P101,1,0,0,0,0,0,0,0
2023-wimbledon-1301,Carlos Alcaraz,Nicolas Jarry,01:17:22,2,6,102,1,0,1,4,30,30,1,1,1,49,53,0,0,0,0,0,0,0,0,0,0,0,0,0,0,0,0,0,0,0,0,0,12.352,19.512,1,108.0,B,NCTL,D,4642,2023-wimbledon-1301_S2_G6_P102,1,0,0,0,0,0,0,0
2023-wimbledon-1301,Carlos Alcaraz,Nicolas Jarry,01:17:48,2,6,103,1,0,1,4,40,30,1,1,2,49,54,0,0,0,0,0,1,F,0,0,0,0,0,0,0,0,0,0,0,0,0,0,29.38,47.896,10,97.0,W,NCTL,D,4668,2023-wimbledon-1301_S2_G6_P103,1,0,0,0,0,0,1,0
2023-wimbledon-1301,Carlos Alcaraz,Nicolas Jarry,01:18:30,2,6,104,1,0,1,4,40,40,1,1,1,50,54,0,0,0,0,1,0,B,0,0,0,0,1,0,1,0,0,0,0,0,0,0,7.675,16.449,3,127.0,C,NCTL,,4710,2023-wimbledon-1301_S2_G6_P104,1,0,0,0,0,0,1,0
2023-wimbledon-1301,Carlos Alcaraz,Nicolas Jarry,01:19:01,2,6,105,1,0,1,4,AD,40,1,2,1,51,54,1,0,0,0,1,0,0,0,0,0,0,0,0,0,0,0,0,0,0,0,0,0.75,1.157,1,121.0,C,NCTL,,4741,2023-wimbledon-1301_S2_G6_P105,1,0,1,0,0,0,1,0
2023-wimbledon-1301,Carlos Alcaraz,Nicolas Jarry,01:19:57,2,7,106,1,0,2,4,0,0,2,1,1,52,54,0,0,0,0,0,0,0,0,0,0,1,0,0,0,0,0,0,0,0,0,0,17.854,13.776,4,118.0,BC,NCTL,D,4797,2023-wimbledon-1301_S2_G7_P106,1,0,0,0,0,0,0,1
2023-wimbledon-1301,Carlos Alcaraz,Nicolas Jarry,01:20:31,2,7,107,1,0,2,4,15,0,2,1,2,52,55,0,0,0,0,0,0,0,0,0,1,0,0,0,0,0,0,0,0,0,0,0,17.377,13.994,3,128.0,W,NCTL,D,4831,2023-wimbledon-1301_S2_G7_P107,1,0,0,0,0,0,0,1
2023-wimbledon-1301,Carlos Alcaraz,Nicolas Jarry,01:21:06,2,7,108,1,0,2,4,15,15,2,1,2,52,56,0,0,0,0,0,0,0,0,0,1,0,0,0,0,0,0,0,0,0,0,0,14.452,17.608,3,132.0,C,NCTL,D,4866,2023-wimbledon-1301_S2_G7_P108,1,0,0,0,0,0,0,1
2023-wimbledon-1301,Carlos Alcaraz,Nicolas Jarry,01:21:41,2,7,109,1,0,2,4,15,30,2,1,2,52,57,0,0,0,0,0,1,F,0,0,0,0,0,1,0,1,0,0,0,0,0,0,13.127,10.798,3,125.0,W,CTL,,4901,2023-wimbledon-1301_S2_G7_P109,1,0,0,0,0,0,1,0
2023-wimbledon-1301,Carlos Alcaraz,Nicolas Jarry,01:22:15,2,7,110,1,0,2,4,15,40,2,1,1,53,57,0,0,0,0,0,0,0,0,0,0,0,0,0,0,0,0,0,0,0,0,0,40.298,14.758,2,108.0,W,NCTL,ND,4935,2023-wimbledon-1301_S2_G7_P110,1,0,0,0,0,0,0,0
2023-wimbledon-1301,Carlos Alcaraz,Nicolas Jarry,01:22:46,2,7,111,1,0,2,4,30,40,2,2,1,54,57,0,0,0,0,0,0,0,0,0,0,1,0,1,0,0,0,0,0,0,0,0,50.075,39.635,8,98.0,BW,NCTL,ND,4966,2023-wimbledon-1301_S2_G7_P111,1,0,1,0,0,0,0,1
2023-wimbledon-1301,Carlos Alcaraz,Nicolas Jarry,01:23:58,2,7,112,1,0,2,4,40,40,2,2,1,55,57,0,0,0,0,0,0,0,0,0,0,1,0,0,0,0,0,0,0,0,0,0,33.142,28.309,8,115.0,BC,NCTL,D,5038,2023-wimbledon-1301_S2_G7_P112,1,0,1,0,0,0,0,1
2023-wimbledon-1301,Carlos Alcaraz,Nicolas Jarry,01:25:01,2,7,113,1,0,2,4,AD,40,2,1,2,55,58,0,0,0,0,0,0,0,0,0,0,0,0,0,0,0,1,0,0,0,1,0,11.436,5.977,1,120.0,C,CTL,ND,5101,2023-wimbledon-1301_S2_G7_P113,1,0,0,1,0,0,0,0
2023-wimbledon-1301,Carlos Alcaraz,Nicolas Jarry,01:25:32,2,7,114,1,0,2,4,40,40,2,1,2,55,59,0,0,0,0,0,1,F,0,0,0,0,0,1,0,1,0,0,0,0,0,0,32.537,26.376,7,130.0,C,NCTL,D,5132,2023-wimbledon-1301_S2_G7_P114,1,0,0,0,0,0,1,0
2023-wimbledon-1301,Carlos Alcaraz,Nicolas Jarry,01:26:17,2,7,115,1,0,2,4,40,AD,2,1,1,56,59,0,0,0,0,0,0,0,0,0,0,1,0,1,0,0,0,0,0,0,0,0,15.161,12.446,4,124.0,BW,NCTL,D,5177,2023-wimbledon-1301_S2_G7_P115,1,0,0,0,0,0,0,1
2023-wimbledon-1301,Carlos Alcaraz,Nicolas Jarry,01:26:59,2,7,116,1,0,2,4,40,40,2,2,1,57,59,0,0,0,0,0,0,0,0,0,0,0,0,1,0,0,0,0,0,0,0,0,26.033,22.001,6,113.0,B,CTL,ND,5219,2023-wimbledon-1301_S2_G7_P116,1,0,1,0,0,0,0,0
2023-wimbledon-1301,Carlos Alcaraz,Nicolas Jarry,01:28:28,2,7,117,1,0,2,4,AD,40,2,1,1,58,59,1,0,0,0,0,0,0,0,0,0,1,0,0,0,0,1,0,1,0,0,0,9.834,6.693,2,130.0,BW,NCTL,ND,5308,2023-wimbledon-1301_S2_G7_P117,1,0,0,1,0,0,0,1
2023-wimbledon-1301,Carlos Alcaraz,Nicolas Jarry,01:30:29,2,8,118,1,0,3,4,0,0,1,1,1,59,59,0,0,0,0,0,0,0,0,0,0,0,0,0,0,0,0,0,0,0,0,0,2.388,3.901,1,109.0,W,CTL,ND,5429,2023-wimbledon-1301_S2_G8_P118,1,0,0,0,0,0,0,0
2023-wimbledon-1301,Carlos Alcaraz,Nicolas Jarry,01:30:48,2,8,119,1,0,3,4,15,0,1,2,1,60,59,0,0,0,0,0,0,0,0,0,0,0,0,0,0,0,0,0,0,0,0,0,3.157,3.993,1,91.0,BW,NCTL,D,5448,2023-wimbledon-1301_S2_G8_P119,1,0,1,0,0,0,0,0
2023-wimbledon-1301,Carlos Alcaraz,Nicolas Jarry,01:31:21,2,8,120,1,0,3,4,30,0,1,2,1,61,59,0,0,0,0,0,0,0,0,0,0,1,0,1,0,0,0,0,0,0,0,0,9.182,15.422,3,100.0,B,NCTL,D,5481,2023-wimbledon-1301_S2_G8_P120,1,0,1,0,0,0,0,1
2023-wimbledon-1301,Carlos Alcaraz,Nicolas Jarry,01:31:59,2,8,121,1,0,3,4,40,0,1,1,1,62,59,1,0,0,0,1,0,F,0,0,0,0,0,0,0,0,0,0,0,0,0,0,9.346,12.581,3,113.0,C,CTL,ND,5519,2023-wimbledon-1301_S2_G8_P121,1,0,0,0,0,0,1,0
2023-wimbledon-1301,Carlos Alcaraz,Nicolas Jarry,01:32:45,2,9,122,1,0,4,4,0,0,2,1,1,63,59,0,0,0,0,0,0,0,0,0,0,0,0,0,0,0,0,0,0,0,0,0,8.636,7.568,2,130.0,BC,NCTL,D,5565,2023-wimbledon-1301_S2_G9_P122,1,0,0,0,0,0,0,0
2023-wimbledon-1301,Carlos Alcaraz,Nicolas Jarry,01:33:11,2,9,123,1,0,4,4,15,0,2,1,2,63,60,0,0,0,1,0,1,0,0,0,0,0,0,0,0,0,0,0,0,0,0,0,1.547,1.046,1,125.0,C,NCTL,,5591,2023-wimbledon-1301_S2_G9_P123,1,0,0,0,1,0,1,0
2023-wimbledon-1301,Carlos Alcaraz,Nicolas Jarry,01:33:37,2,9,124,1,0,4,4,15,15,2,2,2,63,61,0,0,0,0,0,0,0,0,0,0,0,0,0,0,0,0,0,0,0,0,0,4.077,3.731,1,106.0,C,NCTL,ND,5617,2023-wimbledon-1301_S2_G9_P124,1,0,1,0,0,0,0,0
2023-wimbledon-1301,Carlos Alcaraz,Nicolas Jarry,01:34:16,2,9,125,1,0,4,4,15,30,2,1,2,63,62,0,0,0,1,0,1,0,0,0,0,0,0,0,0,0,0,0,0,0,0,0,7.731,4.601,1,123.0,C,NCTL,D,5656,2023-wimbledon-1301_S2_G9_P125,1,0,0,0,1,0,1,0
2023-wimbledon-1301,Carlos Alcaraz,Nicolas Jarry,01:34:42,2,9,126,1,0,4,4,15,40,2,1,2,63,63,2,0,0,0,0,0,0,0,0,0,0,0,0,0,0,0,0,0,0,0,0,30.357,15.027,3,126.0,C,NCTL,D,5682,2023-wimbledon-1301_S2_G9_P126,1,0,0,0,0,0,0,0
2023-wimbledon-1301,Carlos Alcaraz,Nicolas Jarry,01:36:28,2,10,127,1,0,4,5,0,0,1,1,1,64,63,0,0,0,0,0,0,0,0,0,0,0,0,0,0,0,0,0,0,0,0,0,5.517,10.031,1,127.0,C,NCTL,D,5788,2023-wimbledon-1301_S2_G10_P127,1,0,0,0,0,0,0,0
2023-wimbledon-1301,Carlos Alcaraz,Nicolas Jarry,01:36:57,2,10,128,1,0,4,5,15,0,1,2,2,64,64,0,0,0,0,0,0,0,0,0,0,0,0,0,0,0,0,0,0,0,0,0,18.229,36.142,6,119.0,BC,NCTL,D,5817,2023-wimbledon-1301_S2_G10_P128,1,0,1,0,0,0,0,0
2023-wimbledon-1301,Carlos Alcaraz,Nicolas Jarry,01:38:01,2,10,129,1,0,4,5,15,15,1,2,1,65,64,0,0,0,0,0,0,0,0,0,0,1,0,0,0,0,0,0,0,0,0,0,2.83,3.42,1,91.0,C,NCTL,ND,5881,2023-wimbledon-1301_S2_G10_P129,1,0,1,0,0,0,0,1
2023-wimbledon-1301,Carlos Alcaraz,Nicolas Jarry,01:38:43,2,10,130,1,0,4,5,30,15,1,1,1,66,64,0,0,0,0,0,0,0,0,0,0,0,0,0,0,0,0,0,0,0,0,0,32.24,55.37,7,115.0,BC,NCTL,ND,5923,2023-wimbledon-1301_S2_G10_P130,1,0,0,0,0,0,0,0
2023-wimbledon-1301,Carlos Alcaraz,Nicolas Jarry,01:39:23,2,10,131,1,0,4,5,40,15,1,1,2,66,65,0,0,0,0,0,0,0,0,0,0,0,0,0,0,0,0,0,0,0,0,0,9.467,13.062,2,114.0,BW,NCTL,,5963,2023-wimbledon-1301_S2_G10_P131,1,0,0,0,0,0,0,0
2023-wimbledon-1301,Carlos Alcaraz,Nicolas Jarry,01:39:56,2,10,132,1,0,4,5,40,30,1,1,1,67,65,1,0,0,0,0,0,0,0,0,0,0,0,0,0,0,0,0,0,0,0,0,18.941,24.158,5,119.0,C,NCTL,ND,5996,2023-wimbledon-1301_S2_G10_P132,1,0,0,0,0,0,0,0
2023-wimbledon-1301,Carlos Alcaraz,Nicolas Jarry,01:40:44,2,11,133,1,0,5,5,0,0,2,1,2,67,66,0,0,0,1,0,1,0,0,0,0,0,0,0,0,0,0,0,0,0,0,0,1.087,0.648,1,111.0,W,CTL,,6044,2023-wimbledon-1301_S2_G11_P133,1,0,0,0,1,0,1,0
2023-wimbledon-1301,Carlos Alcaraz,Nicolas Jarry,01:41:10,2,11,134,1,0,5,5,0,15,2,1,2,67,67,0,0,0,0,0,0,0,0,0,0,0,0,0,0,0,0,0,0,0,0,0,7.276,4.743,1,132.0,B,CTL,D,6070,2023-wimbledon-1301_S2_G11_P134,1,0,0,0,0,0,0,0
2023-wimbledon-1301,Carlos Alcaraz,Nicolas Jarry,01:41:39,2,11,135,1,0,5,5,0,30,2,2,1,68,67,0,0,0,0,0,0,0,0,0,0,1,0,0,0,0,0,0,0,0,0,0,10.946,8.844,2,105.0,C,NCTL,D,6099,2023-wimbledon-1301_S2_G11_P135,1,0,1,0,0,0,0,1
2023-wimbledon-1301,Carlos Alcaraz,Nicolas Jarry,01:42:22,2,11,136,1,0,5,5,15,30,2,1,2,68,68,0,0,0,0,0,0,0,0,0,0,0,0,0,0,0,0,0,0,0,0,0,28.855,13.468,3,132.0,BW,CTL,ND,6142,2023-wimbledon-1301_S2_G11_P136,1,0,0,0,0,0,0,0
2023-wimbledon-1301,Carlos Alcaraz,Nicolas Jarry,01:43:15,2,11,137,1,0,5,5,15,40,2,2,2,68,69,2,0,0,0,0,0,0,0,0,0,0,0,0,0,0,0,0,0,0,0,0,4.713,5.199,1,100.0,BC,NCTL,D,6195,2023-wimbledon-1301_S2_G11_P137,1,0,1,0,0,0,0,0
2023-wimbledon-1301,Carlos Alcaraz,Nicolas Jarry,01:45:24,2,12,138,1,0,5,6,0,0,1,1,1,69,69,0,0,1,0,1,0,0,0,0,0,0,0,0,0,0,0,0,0,0,0,0,7.323,7.217,1,129.0,C,NCTL,D,6324,2023-wimbledon-1301_S2_G12_P138,1,0,0,0,1,0,1,0
2023-wimbledon-1301,Carlos Alcaraz,Nicolas Jarry,01:45:59,2,12,139,1,0,5,6,15,0,1,2,1,70,69,0,0,0,0,0,0,0,0,0,0,0,0,0,0,0,0,0,0,0,0,0,1.865,3.688,1,98.0,BW,NCTL,ND,6359,2023-wimbledon-1301_S2_G12_P139,1,0,1,0,0,0,0,0
2023-wimbledon-1301,Carlos Alcaraz,Nicolas Jarry,01:46:38,2,12,140,1,0,5,6,30,0,1,2,1,71,69,0,0,0,0,0,0,0,0,0,0,0,0,0,0,0,0,0,0,0,0,0,1.945,2.386,1,122.0,BC,NCTL,ND,6398,2023-wimbledon-1301_S2_G12_P140,1,0,1,0,0,0,0,0
2023-wimbledon-1301,Carlos Alcaraz,Nicolas Jarry,01:47:17,2,12,141,1,0,5,6,40,0,1,1,1,72,69,1,0,0,0,0,0,0,0,0,0,0,0,1,0,0,0,0,0,0,0,0,18.845,42.672,3,129.0,BC,NCTL,ND,6437,2023-wimbledon-1301_S2_G12_P141,1,0,0,0,0,0,0,0
2023-wimbledon-1301,Carlos Alcaraz,Nicolas Jarry,01:48:12,2,13,142,1,0,6,6,0,0,2,1,2,72,70,0,0,0,0,0,0,0,0,0,0,0,0,0,0,0,0,0,0,0,0,0,68.799,52.441,15,128.0,C,NCTL,ND,6492,2023-wimbledon-1301_S2_G13_P142,1,1,0,0,0,0,0,0
2023-wimbledon-1301,Carlos Alcaraz,Nicolas Jarry,01:49:11,2,13,143,1,0,6,6,0,1,1,1,1,73,70,0,0,0,0,0,0,0,0,0,0,0,0,0,0,0,0,0,0,0,0,0,5.871,5.357,1,127.0,B,NCTL,D,6551,2023-wimbledon-1301_S2_G13_P143,1,1,0,0,0,0,0,0
2023-wimbledon-1301,Carlos Alcaraz,Nicolas Jarry,01:49:37,2,13,144,1,0,6,6,1,1,1,2,1,74,70,0,0,0,0,0,0,0,0,0,0,0,0,0,0,0,0,0,0,0,0,0,51.185,46.792,13,100.0,BC,NCTL,ND,6577,2023-wimbledon-1301_S2_G13_P144,1,1,1,0,0,0,0,0
2023-wimbledon-1301,Carlos Alcaraz,Nicolas Jarry,01:51:32,2,13,145,1,0,6,6,2,1,2,1,2,74,71,0,0,0,0,0,1,0,0,0,0,0,0,0,0,0,0,0,0,0,0,0,9.273,6.262,1,128.0,W,CTL,ND,6692,2023-wimbledon-1301_S2_G13_P145,1,1,0,0,0,0,1,0
2023-wimbledon-1301,Carlos Alcaraz,Nicolas Jarry,01:52:03,2,13,146,1,0,6,6,2,2,2,1,2,74,72,0,0,0,1,0,1,0,0,0,0,0,0,0,0,0,0,0,0,0,0,0,4.948,4.836,1,130.0,C,CTL,,6723,2023-wimbledon-1301_S2_G13_P146,1,1,0,0,1,0,1,0
2023-wimbledon-1301,Carlos Alcaraz,Nicolas Jarry,01:52:41,2,13,147,1,0,6,6,2,3,1,1,1,75,72,0,0,0,0,0,0,0,0,0,0,0,1,0,1,0,0,0,0,0,0,0,24.001,22.749,5,119.0,BC,NCTL,ND,6761,2023-wimbledon-1301_S2_G13_P147,1,1,0,0,0,0,0,0
2023-wimbledon-1301,Carlos Alcaraz,Nicolas Jarry,01:53:43,2,13,148,1,0,6,6,3,3,1,1,1,76,72,0,0,0,0,0,0,0,0,0,0,0,0,0,0,0,0,0,0,0,0,0,4.91,8.583,1,111.0,W,CTL,D,6823,2023-wimbledon-1301_S2_G13_P148,1,1,0,0,0,0,0,0
2023-wimbledon-1301,Carlos Alcaraz,Nicolas Jarry,01:54:25,2,13,149,1,0,6,6,4,3,2,1,2,76,73,0,0,0,0,0,0,0,0,0,0,0,0,0,0,0,0,0,0,0,0,0,10.121,8.641,1,127.0,B,NCTL,D,6865,2023-wimbledon-1301_S2_G13_P149,1,1,0,0,0,0,0,0
2023-wimbledon-1301,Carlos Alcaraz,Nicolas Jarry,01:54:57,2,13,150,1,0,6,6,4,4,2,2,2,76,74,0,0,0,0,0,0,0,0,0,1,0,0,0,0,0,0,0,0,0,0,0,12.105,12.593,3,104.0,B,NCTL,D,6897,2023-wimbledon-1301_S2_G13_P150,1,1,1,0,0,0,0,1
2023-wimbledon-1301,Carlos Alcaraz,Nicolas Jarry,01:55:53,2,13,151,1,0,6,6,4,5,1,1,1,77,74,0,0,0,0,1,0,F,0,0,0,0,0,1,0,0,0,0,0,0,0,0,19.083,27.636,5,130.0,B,CTL,ND,6953,2023-wimbledon-1301_S2_G13_P151,1,1,0,0,0,0,1,0
2023-wimbledon-1301,Carlos Alcaraz,Nicolas Jarry,01:56:32,2,13,152,1,0,6,6,5,5,1,1,1,78,74,0,0,0,0,1,0,F,0,0,0,0,1,0,1,0,0,0,0,0,0,0,4.877,7.639,3,129.0,BC,CTL,ND,6992,2023-wimbledon-1301_S2_G13_P152,1,1,0,0,0,0,1,0
2023-wimbledon-1301,Carlos Alcaraz,Nicolas Jarry,01:57:11,2,13,153,1,0,6,6,6,5,2,1,2,78,75,0,0,0,0,0,0,0,0,0,0,0,0,1,0,1,0,0,0,0,0,0,20.076,14.846,3,129.0,W,CTL,,7031,2023-wimbledon-1301_S2_G13_P153,1,1,0,0,0,0,0,0
2023-wimbledon-1301,Carlos Alcaraz,Nicolas Jarry,01:58:25,2,13,154,1,0,6,6,6,6,2,1,2,78,76,0,0,0,0,0,0,0,0,0,0,0,0,0,0,0,0,0,0,0,0,0,5.514,4.409,1,128.0,C,NCTL,ND,7105,2023-wimbledon-1301_S2_G13_P154,1,1,0,0,0,0,0,0
2023-wimbledon-1301,Carlos Alcaraz,Nicolas Jarry,01:59:04,2,13,155,1,0,6,6,6,7,1,1,2,78,77,2,2,0,0,0,0,0,0,0,0,0,0,0,0,0,0,0,0,0,0,0,28.777,19.769,4,122.0,BC,NCTL,ND,7144,2023-wimbledon-1301_S2_G13_P155,1,1,0,0,0,0,0,0
2023-wimbledon-1301,Carlos Alcaraz,Nicolas Jarry,02:04:05,3,1,156,1,1,0,0,0,0,1,2,1,79,77,0,0,0,0,0,0,0,0,0,0,1,0,0,0,0,0,0,0,0,0,0,26.561,47.51,7,96.0,B,CTL,D,7445,2023-wimbledon-1301_S3_G1_P156,1,0,1,0,0,0,0,1
2023-wimbledon-1301,Carlos Alcaraz,Nicolas Jarry,02:04:50,3,1,157,1,1,0,0,15,0,1,2,2,79,78,0,0,0,0,0,0,0,0,0,0,0,0,1,0,1,0,0,0,0,0,0,17.347,25.367,4,96.0,B,NCTL,ND,7490,2023-wimbledon-1301_S3_G1_P157,1,0,1,0,0,0,0,0
2023-wimbledon-1301,Carlos Alcaraz,Nicolas Jarry,02:05:38,3,1,158,1,1,0,0,15,15,1,2,1,80,78,0,0,0,0,0,0,0,0,0,0,0,0,0,0,0,0,0,0,0,0,0,3.959,3.97,1,126.0,C,CTL,ND,7538,2023-wimbledon-1301_S3_G1_P158,1,0,1,0,0,0,0,0
2023-wimbledon-1301,Carlos Alcaraz,Nicolas Jarry,02:06:20,3,1,159,1,1,0,0,30,15,1,2,2,80,79,0,0,0,0,0,0,0,1,0,1,0,0,0,0,0,0,0,0,0,0,0,5.45,6.694,0,,B,CTL,ND,7580,2023-wimbledon-1301_S3_G1_P159,1,0,1,0,0,1,0,1
2023-wimbledon-1301,Carlos Alcaraz,Nicolas Jarry,02:07:02,3,1,160,1,1,0,0,30,30,1,1,1,81,79,0,0,0,0,0,0,0,0,0,0,0,0,0,0,0,0,0,0,0,0,0,4.131,5.861,1,113.0,W,CTL,D,7622,2023-wimbledon-1301_S3_G1_P160,1,0,0,0,0,0,0,0
2023-wimbledon-1301,Carlos Alcaraz,Nicolas Jarry,02:07:27,3,1,161,1,1,0,0,40,30,1,1,1,82,79,1,0,0,0,0,0,0,0,0,0,0,0,0,0,0,0,0,0,0,0,0,6.968,15.75,1,113.0,C,NCTL,ND,7647,2023-wimbledon-1301_S3_G1_P161,1,0,0,0,0,0,0,0
2023-wimbledon-1301,Carlos Alcaraz,Nicolas Jarry,02:08:41,3,2,162,1,1,1,0,0,0,2,1,1,83,79,0,0,0,0,0,0,0,0,0,0,0,1,0,1,0,0,0,0,0,0,0,33.675,33.494,8,126.0,C,NCTL,ND,7721,2023-wimbledon-1301_S3_G2_P162,1,0,0,0,0,0,0,0
2023-wimbledon-1301,Carlos Alcaraz,Nicolas Jarry,02:09:28,3,2,163,1,1,1,0,15,0,2,1,2,83,80,0,0,0,0,0,0,0,0,0,0,0,0,1,0,1,0,0,0,0,0,0,9.172,6.57,1,130.0,W,NCTL,ND,7768,2023-wimbledon-1301_S3_G2_P163,1,0,0,0,0,0,0,0
2023-wimbledon-1301,Carlos Alcaraz,Nicolas Jarry,02:10:00,3,2,164,1,1,1,0,15,15,2,2,2,83,81,0,0,0,0,0,1,B,0,0,0,0,0,0,0,0,0,0,0,0,0,0,52.816,20.502,3,109.0,B,NCTL,ND,7800,2023-wimbledon-1301_S3_G2_P164,1,0,1,0,0,0,1,0
2023-wimbledon-1301,Carlos Alcaraz,Nicolas Jarry,02:10:55,3,2,165,1,1,1,0,15,30,2,1,1,84,81,0,0,0,0,0,0,0,0,0,0,0,0,0,0,0,0,0,0,0,0,0,9.47,6.624,2,128.0,BW,NCTL,D,7855,2023-wimbledon-1301_S3_G2_P165,1,0,0,0,0,0,0,0
2023-wimbledon-1301,Carlos Alcaraz,Nicolas Jarry,02:11:35,3,2,166,1,1,1,0,30,30,2,1,1,85,81,0,0,0,0,0,0,0,0,0,0,1,0,1,0,0,0,0,0,0,0,0,17.922,14.558,4,130.0,C,NCTL,ND,7895,2023-wimbledon-1301_S3_G2_P166,1,0,0,0,0,0,0,1
2023-wimbledon-1301,Carlos Alcaraz,Nicolas Jarry,02:12:15,3,2,167,1,1,1,0,40,30,2,1,2,85,82,0,0,0,0,0,1,F,0,0,0,0,0,1,0,1,1,0,0,0,1,0,11.452,10.886,3,127.0,W,CTL,,7935,2023-wimbledon-1301_S3_G2_P167,1,0,0,1,0,0,1,0
2023-wimbledon-1301,Carlos Alcaraz,Nicolas Jarry,02:12:53,3,2,168,1,1,1,0,40,40,2,2,1,86,82,0,0,0,0,0,0,0,0,0,0,1,0,0,0,0,0,0,0,0,0,0,8.123,6.082,2,114.0,BW,NCTL,ND,7973,2023-wimbledon-1301_S3_G2_P168,1,0,1,0,0,0,0,1
2023-wimbledon-1301,Carlos Alcaraz,Nicolas Jarry,02:13:38,3,2,169,1,1,1,0,AD,40,2,1,2,86,83,0,0,0,0,0,0,0,0,0,0,0,0,0,0,0,1,0,0,0,1,0,27.335,7.822,1,130.0,W,CTL,ND,8018,2023-wimbledon-1301_S3_G2_P169,1,0,0,1,0,0,0,0
2023-wimbledon-1301,Carlos Alcaraz,Nicolas Jarry,02:14:08,3,2,170,1,1,1,0,40,40,2,1,2,86,84,0,0,0,0,0,1,F,0,0,0,0,0,0,0,0,0,0,0,0,0,0,10.23,7.241,3,118.0,BW,NCTL,ND,8048,2023-wimbledon-1301_S3_G2_P170,1,0,0,0,0,0,1,0
2023-wimbledon-1301,Carlos Alcaraz,Nicolas Jarry,02:14:53,3,2,171,1,1,1,0,40,AD,2,2,1,87,84,0,0,0,0,0,0,0,0,1,0,1,0,0,0,0,0,0,0,0,0,0,11.861,6.606,0,,B,CTL,,8093,2023-wimbledon-1301_S3_G2_P171,1,0,1,0,0,1,0,1
2023-wimbledon-1301,Carlos Alcaraz,Nicolas Jarry,02:15:48,3,2,172,1,1,1,0,40,40,2,1,2,87,85,0,0,0,0,0,0,0,0,0,0,0,0,0,0,0,0,0,0,0,0,0,6.797,3.806,1,129.0,C,CTL,ND,8148,2023-wimbledon-1301_S3_G2_P172,1,0,0,0,0,0,0,0
2023-wimbledon-1301,Carlos Alcaraz,Nicolas Jarry,02:16:15,3,2,173,1,1,1,0,40,AD,2,1,2,87,86,2,0,0,0,0,1,F,0,0,0,0,0,1,0,1,0,0,0,0,0,0,16.698,14.275,5,128.0,W,NCTL,ND,8175,2023-wimbledon-1301_S3_G2_P173,1,0,0,0,0,0,1,0
2023-wimbledon-1301,Carlos Alcaraz,Nicolas Jarry,02:16:58,3,3,174,1,1,1,1,0,0,1,2,1,88,86,0,0,0,0,1,0,F,0,0,0,0,0,0,0,0,0,0,0,0,0,0,22.725,30.75,7,92.0,C,NCTL,ND,8218,2023-wimbledon-1301_S3_G3_P174,1,0,1,0,0,0,1,0
2023-wimbledon-1301,Carlos Alcaraz,Nicolas Jarry,02:17:46,3,3,175,1,1,1,1,15,0,1,1,1,89,86,0,0,0,0,1,0,F,0,0,0,0,0,0,0,0,0,0,0,0,0,0,10.8,19.121,3,114.0,C,NCTL,ND,8266,2023-wimbledon-1301_S3_G3_P175,1,0,0,0,0,0,1,0
2023-wimbledon-1301,Carlos Alcaraz,Nicolas Jarry,02:18:16,3,3,176,1,1,1,1,30,0,1,1,2,89,87,0,0,0,0,0,1,F,0,0,0,0,0,0,0,0,0,0,0,0,0,0,28.877,32.934,6,127.0,C,NCTL,D,8296,2023-wimbledon-1301_S3_G3_P176,1,0,0,0,0,0,1,0
2023-wimbledon-1301,Carlos Alcaraz,Nicolas Jarry,02:18:53,3,3,177,1,1,1,1,30,15,1,2,2,89,88,0,0,0,0,0,0,0,0,0,1,0,0,0,0,0,0,0,0,0,0,0,16.725,14.741,4,95.0,BW,CTL,ND,8333,2023-wimbledon-1301_S3_G3_P177,1,0,1,0,0,0,0,1
2023-wimbledon-1301,Carlos Alcaraz,Nicolas Jarry,02:19:39,3,3,178,1,1,1,1,30,30,1,2,1,90,88,0,0,0,0,0,0,0,0,0,0,1,0,0,0,0,0,0,0,0,0,0,11.081,11.092,3,104.0,BC,NCTL,D,8379,2023-wimbledon-1301_S3_G3_P178,1,0,1,0,0,0,0,1
2023-wimbledon-1301,Carlos Alcaraz,Nicolas Jarry,02:20:27,3,3,179,1,1,1,1,40,30,1,1,1,91,88,1,0,1,0,1,0,0,0,0,0,0,0,0,0,0,0,0,0,0,0,0,7.905,24.521,1,122.0,W,CTL,D,8427,2023-wimbledon-1301_S3_G3_P179,1,0,0,0,1,0,1,0
2023-wimbledon-1301,Carlos Alcaraz,Nicolas Jarry,02:22:46,3,4,180,1,1,2,1,0,0,2,2,1,92,88,0,0,0,0,0,0,0,0,0,0,1,0,1,0,0,0,0,0,0,0,0,9.981,13.467,2,108.0,B,NCTL,ND,8566,2023-wimbledon-1301_S3_G4_P180,1,0,1,0,0,0,0,1
2023-wimbledon-1301,Carlos Alcaraz,Nicolas Jarry,02:23:36,3,4,181,1,1,2,1,15,0,2,1,1,93,88,0,0,0,0,1,0,F,0,0,0,0,0,1,0,0,0,0,0,0,0,0,27.698,24.671,6,129.0,BW,CTL,D,8616,2023-wimbledon-1301_S3_G4_P181,1,0,0,0,0,0,1,0
2023-wimbledon-1301,Carlos Alcaraz,Nicolas Jarry,02:24:21,3,4,182,1,1,2,1,30,0,2,2,2,93,89,0,0,0,0,0,0,0,0,0,1,0,0,0,0,0,0,0,0,0,0,0,20.258,11.909,3,106.0,B,CTL,D,8661,2023-wimbledon-1301_S3_G4_P182,1,0,1,0,0,0,0,1
2023-wimbledon-1301,Carlos Alcaraz,Nicolas Jarry,02:25:30,3,4,183,1,1,2,1,30,15,2,1,1,94,89,0,0,0,0,0,0,0,0,0,0,1,0,0,0,0,0,0,0,0,0,0,12.132,7.399,2,127.0,BW,NCTL,D,8730,2023-wimbledon-1301_S3_G4_P183,1,0,0,0,0,0,0,1
2023-wimbledon-1301,Carlos Alcaraz,Nicolas Jarry,02:25:59,3,4,184,1,1,2,1,40,15,2,1,1,95,89,1,0,0,0,0,0,0,0,0,0,0,0,0,0,0,1,0,1,0,0,0,25.215,21.594,6,133.0,C,NCTL,ND,8759,2023-wimbledon-1301_S3_G4_P184,1,0,0,1,0,0,0,0
2023-wimbledon-1301,Carlos Alcaraz,Nicolas Jarry,02:26:45,3,5,185,1,1,3,1,0,0,1,1,1,96,89,0,0,1,0,1,0,0,0,0,0,0,0,0,0,0,0,0,0,0,0,0,0.585,0.853,1,130.0,C,NCTL,,8805,2023-wimbledon-1301_S3_G5_P185,1,0,0,0,1,0,1,0
2023-wimbledon-1301,Carlos Alcaraz,Nicolas Jarry,02:27:09,3,5,186,1,1,3,1,15,0,1,1,1,97,89,0,0,0,0,1,0,0,0,0,0,0,0,0,0,0,0,0,0,0,0,0,1.91,3.696,1,127.0,W,CTL,D,8829,2023-wimbledon-1301_S3_G5_P186,1,0,0,0,0,0,1,0
2023-wimbledon-1301,Carlos Alcaraz,Nicolas Jarry,02:27:35,3,5,187,1,1,3,1,30,0,1,2,1,98,89,0,0,0,0,0,0,0,0,0,0,1,0,0,0,0,0,0,0,0,0,0,26.138,27.732,9,103.0,BC,NCTL,ND,8855,2023-wimbledon-1301_S3_G5_P187,1,0,1,0,0,0,0,1
2023-wimbledon-1301,Carlos Alcaraz,Nicolas Jarry,02:28:21,3,5,188,1,1,3,1,40,0,1,2,2,98,90,0,0,0,0,0,0,0,1,0,1,0,0,0,0,0,0,0,0,0,0,0,1.076,1.74,0,,W,CTL,,8901,2023-wimbledon-1301_S3_G5_P188,1,0,1,0,0,1,0,1
2023-wimbledon-1301,Carlos Alcaraz,Nicolas Jarry,02:28:59,3,5,189,1,1,3,1,40,15,1,1,1,99,90,1,0,1,0,1,0,0,0,0,0,0,0,0,0,0,0,0,0,0,0,0,0.778,1.077,1,107.0,W,CTL,,8939,2023-wimbledon-1301_S3_G5_P189,1,0,0,0,1,0,1,0
2023-wimbledon-1301,Carlos Alcaraz,Nicolas Jarry,02:31:03,3,6,190,1,1,4,1,0,0,2,2,1,100,90,0,0,0,0,0,0,0,0,0,0,1,0,0,0,0,0,0,0,0,0,0,17.965,15.911,4,110.0,C,NCTL,ND,9063,2023-wimbledon-1301_S3_G6_P190,1,0,1,0,0,0,0,1
2023-wimbledon-1301,Carlos Alcaraz,Nicolas Jarry,02:32:01,3,6,191,1,1,4,1,15,0,2,1,2,100,91,0,0,0,0,0,1,0,0,0,0,0,0,0,0,0,0,0,0,0,0,0,1.075,0.785,1,121.0,C,NCTL,,9121,2023-wimbledon-1301_S3_G6_P191,1,0,0,0,0,0,1,0
2023-wimbledon-1301,Carlos Alcaraz,Nicolas Jarry,02:32:24,3,6,192,1,1,4,1,15,15,2,2,2,100,92,0,0,0,0,0,0,0,0,0,0,0,0,0,0,0,0,0,0,0,0,0,4.072,3.528,1,107.0,W,NCTL,D,9144,2023-wimbledon-1301_S3_G6_P192,1,0,1,0,0,0,0,0
2023-wimbledon-1301,Carlos Alcaraz,Nicolas Jarry,02:33:01,3,6,193,1,1,4,1,15,30,2,2,1,101,92,0,0,0,0,0,0,0,0,0,0,0,1,0,1,0,0,0,0,0,0,0,15.125,18.237,2,105.0,BW,NCTL,D,9181,2023-wimbledon-1301_S3_G6_P193,1,0,1,0,0,0,0,0
2023-wimbledon-1301,Carlos Alcaraz,Nicolas Jarry,02:34:04,3,6,194,1,1,4,1,30,30,2,2,2,101,93,0,0,0,0,0,1,F,0,0,0,0,0,0,0,0,0,0,0,0,0,0,8.346,8.608,3,111.0,BC,NCTL,ND,9244,2023-wimbledon-1301_S3_G6_P194,1,0,1,0,0,0,1,0
2023-wimbledon-1301,Carlos Alcaraz,Nicolas Jarry,02:34:46,3,6,195,1,1,4,1,30,40,2,1,2,101,94,2,0,0,0,0,0,0,0,0,0,0,0,1,0,1,0,0,0,0,0,0,11.882,6.858,1,132.0,W,NCTL,ND,9286,2023-wimbledon-1301_S3_G6_P195,1,0,0,0,0,0,0,0
2023-wimbledon-1301,Carlos Alcaraz,Nicolas Jarry,02:35:22,3,7,196,1,1,4,2,0,0,1,1,1,102,94,0,0,0,0,1,0,0,0,0,0,0,0,0,0,0,0,0,0,0,0,0,3.652,5.284,1,107.0,W,NCTL,ND,9322,2023-wimbledon-1301_S3_G7_P196,1,0,0,0,0,0,1,0
2023-wimbledon-1301,Carlos Alcaraz,Nicolas Jarry,02:35:46,3,7,197,1,1,4,2,15,0,1,1,1,103,94,0,0,0,0,0,0,0,0,0,0,0,0,0,0,0,0,0,0,0,0,0,13.487,15.647,3,117.0,W,CTL,ND,9346,2023-wimbledon-1301_S3_G7_P197,1,0,0,0,0,0,0,0
2023-wimbledon-1301,Carlos Alcaraz,Nicolas Jarry,02:36:15,3,7,198,1,1,4,2,30,0,1,2,1,104,94,0,0,0,0,0,0,0,0,0,0,1,0,0,0,0,0,0,0,0,0,0,14.958,15.843,3,90.0,BC,NCTL,ND,9375,2023-wimbledon-1301_S3_G7_P198,1,0,1,0,0,0,0,1
2023-wimbledon-1301,Carlos Alcaraz,Nicolas Jarry,02:36:54,3,7,199,1,1,4,2,40,0,1,1,1,105,94,1,0,1,0,1,0,0,0,0,0,0,0,0,0,0,0,0,0,0,0,0,0.778,0.859,1,109.0,W,CTL,,9414,2023-wimbledon-1301_S3_G7_P199,1,0,0,0,1,0,1,0
2023-wimbledon-1301,Carlos Alcaraz,Nicolas Jarry,02:38:49,3,8,200,1,1,5,2,0,0,2,1,2,105,95,0,0,0,0,0,0,0,0,0,0,0,0,0,0,0,0,0,0,0,0,0,6.718,4.45,1,126.0,C,NCTL,D,9529,2023-wimbledon-1301_S3_G8_P200,1,0,0,0,0,0,0,0
2023-wimbledon-1301,Carlos Alcaraz,Nicolas Jarry,02:39:09,3,8,201,1,1,5,2,0,15,2,1,1,106,95,0,0,0,0,0,0,0,0,0,0,1,0,0,0,0,0,0,0,0,0,0,7.631,6.643,2,116.0,BC,NCTL,ND,9549,2023-wimbledon-1301_S3_G8_P201,1,0,0,0,0,0,0,1
2023-wimbledon-1301,Carlos Alcaraz,Nicolas Jarry,02:39:39,3,8,202,1,1,5,2,15,15,2,1,2,106,96,0,0,0,0,0,0,0,0,0,0,0,0,1,0,1,0,0,0,0,0,0,70.044,52.444,9,116.0,BW,NCTL,ND,9579,2023-wimbledon-1301_S3_G8_P202,1,0,0,0,0,0,0,0
2023-wimbledon-1301,Carlos Alcaraz,Nicolas Jarry,02:40:34,3,8,203,1,1,5,2,15,30,2,1,1,107,96,0,0,0,0,1,0,B,0,0,0,0,0,0,0,0,0,0,0,0,0,0,42.94,42.683,10,127.0,BW,NCTL,ND,9634,2023-wimbledon-1301_S3_G8_P203,1,0,0,0,0,0,1,0
2023-wimbledon-1301,Carlos Alcaraz,Nicolas Jarry,02:41:28,3,8,204,1,1,5,2,30,30,2,1,1,108,96,0,0,0,0,0,0,0,0,0,0,1,0,0,0,0,0,0,0,0,0,0,21.835,17.538,4,114.0,BW,NCTL,D,9688,2023-wimbledon-1301_S3_G8_P204,1,0,0,0,0,0,0,1
2023-wimbledon-1301,Carlos Alcaraz,Nicolas Jarry,02:42:07,3,8,205,1,1,5,2,40,30,2,1,2,108,97,0,0,0,1,0,1,0,0,0,0,0,0,0,0,0,1,0,0,0,1,0,0.729,0.772,1,127.0,W,CTL,,9727,2023-wimbledon-1301_S3_G8_P205,1,0,0,1,1,0,1,0
2023-wimbledon-1301,Carlos Alcaraz,Nicolas Jarry,02:42:35,3,8,206,1,1,5,2,40,40,2,1,2,108,98,0,0,0,1,0,1,0,0,0,0,0,0,0,0,0,0,0,0,0,0,0,1.617,0.719,1,114.0,W,CTL,,9755,2023-wimbledon-1301_S3_G8_P206,1,0,0,0,1,0,1,0
2023-wimbledon-1301,Carlos Alcaraz,Nicolas Jarry,02:43:02,3,8,207,1,1,5,2,40,AD,2,1,2,108,99,2,0,0,1,0,1,0,0,0,0,0,0,0,0,0,0,0,0,0,0,0,1.136,0.73,1,124.0,C,NCTL,,9782,2023-wimbledon-1301_S3_G8_P207,1,0,0,0,1,0,1,0
2023-wimbledon-1301,Carlos Alcaraz,Nicolas Jarry,02:43:47,3,9,208,1,1,5,3,0,0,1,2,1,109,99,0,0,0,0,0,0,0,0,0,0,0,0,0,0,0,0,0,0,0,0,0,7.308,36.062,1,97.0,C,CTL,ND,9827,2023-wimbledon-1301_S3_G9_P208,1,0,1,0,0,0,0,0
2023-wimbledon-1301,Carlos Alcaraz,Nicolas Jarry,02:44:30,3,9,209,1,1,5,3,15,0,1,1,1,110,99,0,0,0,0,1,0,F,0,0,0,0,1,0,1,0,0,0,0,0,0,0,12.63,22.045,3,109.0,C,NCTL,,9870,2023-wimbledon-1301_S3_G9_P209,1,0,0,0,0,0,1,0
2023-wimbledon-1301,Carlos Alcaraz,Nicolas Jarry,02:45:05,3,9,210,1,1,5,3,30,0,1,2,1,111,99,0,0,0,0,0,0,0,0,0,0,1,0,0,0,0,0,0,0,0,0,0,4.239,3.606,1,95.0,BC,NCTL,D,9905,2023-wimbledon-1301_S3_G9_P210,1,0,1,0,0,0,0,1
2023-wimbledon-1301,Carlos Alcaraz,Nicolas Jarry,02:45:58,3,9,211,1,1,5,3,40,0,1,1,2,111,100,0,0,0,0,0,0,0,0,0,1,0,1,0,0,0,0,0,0,0,0,0,8.358,15.575,2,112.0,C,NCTL,ND,9958,2023-wimbledon-1301_S3_G9_P211,1,0,0,0,0,0,0,1
2023-wimbledon-1301,Carlos Alcaraz,Nicolas Jarry,02:46:29,3,9,212,1,1,5,3,40,15,1,1,1,112,100,1,1,0,0,0,0,0,0,0,0,0,0,0,0,0,0,0,0,0,0,0,11.526,13.833,1,128.0,C,NCTL,D,9989,2023-wimbledon-1301_S3_G9_P212,1,0,0,0,0,0,0,0
2023-wimbledon-1301,Carlos Alcaraz,Nicolas Jarry,02:49:17,4,1,213,2,1,0,0,0,0,2,2,1,113,100,0,0,0,0,0,0,0,0,0,0,1,0,1,0,0,0,0,0,0,0,0,32.923,14.93,4,110.0,BW,CTL,ND,10157,2023-wimbledon-1301_S4_G1_P213,1,0,1,0,0,0,0,1
2023-wimbledon-1301,Carlos Alcaraz,Nicolas Jarry,02:50:03,4,1,214,2,1,0,0,15,0,2,2,2,113,101,0,0,0,0,0,0,0,0,0,0,0,0,0,0,0,0,0,0,0,0,0,16.843,16.987,3,98.0,BW,NCTL,D,10203,2023-wimbledon-1301_S4_G1_P214,1,0,1,0,0,0,0,0
2023-wimbledon-1301,Carlos Alcaraz,Nicolas Jarry,02:50:48,4,1,215,2,1,0,0,15,15,2,1,2,113,102,0,0,0,0,0,0,0,0,0,0,0,0,0,0,0,0,0,0,0,0,0,8.902,6.893,1,109.0,W,CTL,,10248,2023-wimbledon-1301_S4_G1_P215,1,0,0,0,0,0,0,0
2023-wimbledon-1301,Carlos Alcaraz,Nicolas Jarry,02:51:12,4,1,216,2,1,0,0,15,30,2,1,2,113,103,0,0,0,0,0,0,0,0,0,0,0,0,1,0,1,0,0,0,0,0,0,7.188,8.153,1,128.0,W,CTL,D,10272,2023-wimbledon-1301_S4_G1_P216,1,0,0,0,0,0,0,0
2023-wimbledon-1301,Carlos Alcaraz,Nicolas Jarry,02:51:40,4,1,217,2,1,0,0,15,40,2,1,2,113,104,2,0,0,0,0,1,0,0,0,0,0,0,0,0,0,0,0,0,0,0,0,1.203,0.911,1,129.0,C,NCTL,,10300,2023-wimbledon-1301_S4_G1_P217,1,0,0,0,0,0,1,0
2023-wimbledon-1301,Carlos Alcaraz,Nicolas Jarry,02:52:35,4,2,218,2,1,0,1,0,0,1,1,1,114,104,0,0,0,0,0,0,0,0,0,0,0,0,0,0,0,0,0,0,0,0,0,25.195,30.651,7,121.0,C,NCTL,ND,10355,2023-wimbledon-1301_S4_G2_P218,1,0,0,0,0,0,0,0
2023-wimbledon-1301,Carlos Alcaraz,Nicolas Jarry,02:53:10,4,2,219,2,1,0,1,15,0,1,2,2,114,105,0,0,0,0,0,0,0,1,0,1,0,0,0,0,0,0,0,0,0,0,0,1.544,2.202,0,,BW,CTL,,10390,2023-wimbledon-1301_S4_G2_P219,1,0,1,0,0,1,0,1
2023-wimbledon-1301,Carlos Alcaraz,Nicolas Jarry,02:54:03,4,2,220,2,1,0,1,15,15,1,1,2,114,106,0,0,0,0,0,0,0,0,0,1,0,0,0,0,0,0,0,0,0,0,0,12.946,29.134,2,126.0,BC,CTL,ND,10443,2023-wimbledon-1301_S4_G2_P220,1,0,0,0,0,0,0,1
2023-wimbledon-1301,Carlos Alcaraz,Nicolas Jarry,02:54:43,4,2,221,2,1,0,1,15,30,1,1,1,115,106,0,0,0,0,0,0,0,0,0,0,0,0,0,0,0,0,0,0,0,0,0,4.202,7.353,1,117.0,C,NCTL,ND,10483,2023-wimbledon-1301_S4_G2_P221,1,0,0,0,0,0,0,0
2023-wimbledon-1301,Carlos Alcaraz,Nicolas Jarry,02:55:10,4,2,222,2,1,0,1,30,30,1,2,2,115,107,0,0,0,0,0,0,0,1,0,1,0,0,0,0,0,0,0,0,0,0,0,5.061,5.626,0,,C,CTL,ND,10510,2023-wimbledon-1301_S4_G2_P222,1,0,1,0,0,1,0,1
2023-wimbledon-1301,Carlos Alcaraz,Nicolas Jarry,02:55:53,4,2,223,2,1,0,1,30,40,1,2,2,115,108,2,0,0,0,0,0,0,0,0,0,0,0,0,0,0,0,1,0,1,0,0,40.04,44.105,10,93.0,BW,NCTL,ND,10553,2023-wimbledon-1301_S4_G2_P223,1,0,1,1,0,0,0,0
2023-wimbledon-1301,Carlos Alcaraz,Nicolas Jarry,02:57:09,4,3,224,2,1,0,2,0,0,2,1,2,115,109,0,0,0,0,0,0,0,0,0,0,0,0,1,0,1,0,0,0,0,0,0,15.329,13.638,3,124.0,BC,NCTL,,10629,2023-wimbledon-1301_S4_G3_P224,1,0,0,0,0,0,0,0
2023-wimbledon-1301,Carlos Alcaraz,Nicolas Jarry,02:57:46,4,3,225,2,1,0,2,0,15,2,2,1,116,109,0,0,0,0,0,0,0,0,0,0,0,0,0,0,0,0,0,0,0,0,0,6.648,6.862,2,113.0,C,NCTL,ND,10666,2023-wimbledon-1301_S4_G3_P225,1,0,1,0,0,0,0,0
2023-wimbledon-1301,Carlos Alcaraz,Nicolas Jarry,02:58:32,4,3,226,2,1,0,2,15,15,2,1,2,116,110,0,0,0,0,0,0,0,0,0,0,0,0,1,0,1,0,0,0,0,0,0,18.285,13.035,3,112.0,W,NCTL,ND,10712,2023-wimbledon-1301_S4_G3_P226,1,0,0,0,0,0,0,0
2023-wimbledon-1301,Carlos Alcaraz,Nicolas Jarry,02:59:15,4,3,227,2,1,0,2,15,30,2,1,2,116,111,0,0,0,0,0,1,F,0,0,0,0,0,1,0,1,0,0,0,0,0,0,15.033,14.679,3,129.0,B,NCTL,ND,10755,2023-wimbledon-1301_S4_G3_P227,1,0,0,0,0,0,1,0
2023-wimbledon-1301,Carlos Alcaraz,Nicolas Jarry,02:59:48,4,3,228,2,1,0,2,15,40,2,1,1,117,111,0,0,0,0,1,0,F,0,0,0,0,1,0,1,0,0,0,0,0,0,0,51.154,40.057,8,113.0,W,CTL,D,10788,2023-wimbledon-1301_S4_G3_P228,1,0,0,0,0,0,1,0
2023-wimbledon-1301,Carlos Alcaraz,Nicolas Jarry,03:00:40,4,3,229,2,1,0,2,30,40,2,2,1,118,111,0,0,0,0,0,0,0,0,0,0,1,0,0,0,0,0,0,0,0,0,0,37.839,42.274,10,108.0,C,NCTL,D,10840,2023-wimbledon-1301_S4_G3_P229,1,0,1,0,0,0,0,1
2023-wimbledon-1301,Carlos Alcaraz,Nicolas Jarry,03:01:47,4,3,230,2,1,0,2,40,40,2,1,1,119,111,0,0,0,0,0,0,0,0,0,0,0,0,0,0,0,0,0,0,0,0,0,22.348,25.995,4,117.0,BW,NCTL,D,10907,2023-wimbledon-1301_S4_G3_P230,1,0,0,0,0,0,0,0
2023-wimbledon-1301,Carlos Alcaraz,Nicolas Jarry,03:02:25,4,3,231,2,1,0,2,AD,40,2,1,2,119,112,0,0,0,0,0,1,F,0,0,0,0,0,1,0,1,1,0,0,0,1,0,20.832,18.923,5,131.0,W,CTL,,10945,2023-wimbledon-1301_S4_G3_P231,1,0,0,1,0,0,1,0
2023-wimbledon-1301,Carlos Alcaraz,Nicolas Jarry,03:03:27,4,3,232,2,1,0,2,40,40,2,1,2,119,113,0,0,0,0,0,0,0,0,0,0,0,0,1,0,1,0,0,0,0,0,0,18.666,20.844,3,127.0,C,NCTL,ND,11007,2023-wimbledon-1301_S4_G3_P232,1,0,0,0,0,0,0,0
2023-wimbledon-1301,Carlos Alcaraz,Nicolas Jarry,03:04:06,4,3,233,2,1,0,2,40,AD,2,1,1,120,113,0,0,0,0,1,0,B,0,0,0,0,0,1,0,0,0,0,0,0,0,0,17.768,17.486,4,119.0,C,NCTL,ND,11046,2023-wimbledon-1301_S4_G3_P233,1,0,0,0,0,0,1,0
2023-wimbledon-1301,Carlos Alcaraz,Nicolas Jarry,03:05:04,4,3,234,2,1,0,2,40,40,2,1,2,120,114,0,0,0,0,0,1,F,0,0,0,0,0,0,0,0,0,0,0,0,0,0,16.272,4.794,3,,C,NCTL,ND,11104,2023-wimbledon-1301_S4_G3_P234,1,0,0,0,0,0,1,0
2023-wimbledon-1301,Carlos Alcaraz,Nicolas Jarry,03:05:36,4,3,235,2,1,0,2,40,AD,2,1,1,121,114,0,0,0,0,1,0,F,0,0,0,0,0,1,0,0,0,0,0,0,0,0,19.741,11.995,4,129.0,W,CTL,ND,11136,2023-wimbledon-1301_S4_G3_P235,1,0,0,0,0,0,1,0
2023-wimbledon-1301,Carlos Alcaraz,Nicolas Jarry,03:06:16,4,3,236,2,1,0,2,40,40,2,2,1,122,114,0,0,0,0,0,0,0,0,0,0,1,0,1,0,0,0,0,0,0,0,0,16.566,12.049,4,105.0,BC,NCTL,ND,11176,2023-wimbledon-1301_S4_G3_P236,1,0,1,0,0,0,0,1
2023-wimbledon-1301,Carlos Alcaraz,Nicolas Jarry,03:07:09,4,3,237,2,1,0,2,AD,40,2,1,2,122,115,0,0,0,1,0,1,0,0,0,0,0,0,0,0,0,1,0,0,0,1,0,1.015,0.741,1,121.0,C,CTL,,11229,2023-wimbledon-1301_S4_G3_P237,1,0,0,1,1,0,1,0
2023-wimbledon-1301,Carlos Alcaraz,Nicolas Jarry,03:07:38,4,3,238,2,1,0,2,40,40,2,2,2,122,116,0,0,0,0,0,1,F,0,0,0,0,0,1,0,1,0,0,0,0,0,0,34.6,48.407,7,110.0,B,NCTL,ND,11258,2023-wimbledon-1301_S4_G3_P238,1,0,1,0,0,0,1,0
2023-wimbledon-1301,Carlos Alcaraz,Nicolas Jarry,03:09:02,4,3,239,2,1,0,2,40,AD,2,1,1,123,116,0,0,0,0,0,0,0,0,0,0,0,0,0,0,0,0,0,0,0,0,0,30.164,23.903,6,128.0,BW,NCTL,ND,11342,2023-wimbledon-1301_S4_G3_P239,1,0,0,0,0,0,0,0
2023-wimbledon-1301,Carlos Alcaraz,Nicolas Jarry,03:09:55,4,3,240,2,1,0,2,40,40,2,1,2,123,117,0,0,0,0,0,0,0,0,0,0,0,0,0,0,0,0,0,0,0,0,0,11.716,8.067,1,114.0,W,NCTL,D,11395,2023-wimbledon-1301_S4_G3_P240,1,0,0,0,0,0,0,0
2023-wimbledon-1301,Carlos Alcaraz,Nicolas Jarry,03:10:27,4,3,241,2,1,0,2,40,AD,2,1,2,123,118,2,0,0,0,0,0,0,0,0,0,0,0,0,0,0,0,0,0,0,0,0,11.645,8.043,1,119.0,C,NCTL,D,11427,2023-wimbledon-1301_S4_G3_P241,1,0,0,0,0,0,0,0
2023-wimbledon-1301,Carlos Alcaraz,Nicolas Jarry,03:12:34,4,4,242,2,1,0,3,0,0,1,1,1,124,118,0,0,0,0,0,0,0,0,0,0,0,0,0,0,0,0,0,0,0,0,0,5.839,7.128,1,129.0,BC,CTL,ND,11554,2023-wimbledon-1301_S4_G4_P242,1,0,0,0,0,0,0,0
2023-wimbledon-1301,Carlos Alcaraz,Nicolas Jarry,03:12:51,4,4,243,2,1,0,3,15,0,1,1,2,124,119,0,0,0,0,0,0,0,0,0,1,0,0,0,0,0,0,0,0,0,0,0,5.707,6.699,2,117.0,BC,NCTL,ND,11571,2023-wimbledon-1301_S4_G4_P243,1,0,0,0,0,0,0,1
2023-wimbledon-1301,Carlos Alcaraz,Nicolas Jarry,03:13:12,4,4,244,2,1,0,3,15,15,1,2,2,124,120,0,0,0,0,0,0,0,1,0,1,0,0,0,0,0,0,0,0,0,0,0,1.518,3.162,0,,C,CTL,,11592,2023-wimbledon-1301_S4_G4_P244,1,0,1,0,0,1,0,1
2023-wimbledon-1301,Carlos Alcaraz,Nicolas Jarry,03:13:47,4,4,245,2,1,0,3,15,30,1,1,2,124,121,0,0,0,0,0,0,0,0,0,0,0,0,0,0,0,0,0,0,0,0,0,10.416,9.26,2,112.0,C,NCTL,D,11627,2023-wimbledon-1301_S4_G4_P245,1,0,0,0,0,0,0,0
2023-wimbledon-1301,Carlos Alcaraz,Nicolas Jarry,03:14:07,4,4,246,2,1,0,3,15,40,1,2,1,125,121,0,0,0,0,0,0,0,0,0,0,0,0,0,0,0,0,1,0,0,0,1,6.55,8.454,1,126.0,BC,NCTL,ND,11647,2023-wimbledon-1301_S4_G4_P246,1,0,1,1,0,0,0,0
2023-wimbledon-1301,Carlos Alcaraz,Nicolas Jarry,03:14:44,4,4,247,2,1,0,3,30,40,1,1,1,126,121,0,0,0,0,0,0,0,0,0,0,0,1,0,1,0,0,1,0,0,0,1,18.155,25.921,3,110.0,W,CTL,,11684,2023-wimbledon-1301_S4_G4_P247,1,0,0,1,0,0,0,0
2023-wimbledon-1301,Carlos Alcaraz,Nicolas Jarry,03:15:12,4,4,248,2,1,0,3,40,40,1,2,1,127,121,0,0,0,0,1,0,F,0,0,0,0,1,0,1,0,0,0,0,0,0,0,9.226,9.783,3,111.0,W,NCTL,,11712,2023-wimbledon-1301_S4_G4_P248,1,0,1,0,0,0,1,0
2023-wimbledon-1301,Carlos Alcaraz,Nicolas Jarry,03:15:53,4,4,249,2,1,0,3,AD,40,1,2,1,128,121,1,0,0,0,0,0,0,0,0,0,1,0,0,0,0,0,0,0,0,0,0,23.988,22.561,7,90.0,B,NCTL,ND,11753,2023-wimbledon-1301_S4_G4_P249,1,0,1,0,0,0,0,1
2023-wimbledon-1301,Carlos Alcaraz,Nicolas Jarry,03:16:58,4,5,250,2,1,1,3,0,0,2,1,2,128,122,0,0,0,0,0,0,0,0,0,0,0,0,0,0,0,0,0,0,0,0,0,14.05,8.179,1,113.0,W,CTL,ND,11818,2023-wimbledon-1301_S4_G5_P250,1,0,0,0,0,0,0,0
2023-wimbledon-1301,Carlos Alcaraz,Nicolas Jarry,03:17:22,4,5,251,2,1,1,3,0,15,2,1,1,129,122,0,0,0,0,0,0,0,0,0,0,1,0,0,0,0,0,0,0,0,0,0,11.046,4.252,2,129.0,B,NCTL,ND,11842,2023-wimbledon-1301_S4_G5_P251,1,0,0,0,0,0,0,1
2023-wimbledon-1301,Carlos Alcaraz,Nicolas Jarry,03:17:55,4,5,252,2,1,1,3,15,15,2,2,2,129,123,0,0,0,0,0,1,F,0,0,0,0,0,1,0,1,0,0,0,0,0,0,13.185,8.237,3,99.0,B,NCTL,ND,11875,2023-wimbledon-1301_S4_G5_P252,1,0,1,0,0,0,1,0
2023-wimbledon-1301,Carlos Alcaraz,Nicolas Jarry,03:18:44,4,5,253,2,1,1,3,15,30,2,1,2,129,124,0,0,0,0,0,1,B,0,0,0,0,0,0,0,0,0,0,0,0,0,0,16.359,7.683,3,123.0,C,NCTL,ND,11924,2023-wimbledon-1301_S4_G5_P253,1,0,0,0,0,0,1,0
2023-wimbledon-1301,Carlos Alcaraz,Nicolas Jarry,03:19:13,4,5,254,2,1,1,3,15,40,2,1,1,130,124,0,0,0,0,0,0,0,0,0,0,1,0,0,0,0,0,0,0,0,0,0,12.312,4.519,2,128.0,C,NCTL,ND,11953,2023-wimbledon-1301_S4_G5_P254,1,0,0,0,0,0,0,1
2023-wimbledon-1301,Carlos Alcaraz,Nicolas Jarry,03:19:46,4,5,255,2,1,1,3,30,40,2,1,1,131,124,0,0,0,0,0,0,0,0,0,0,1,0,0,0,0,0,0,0,0,0,0,20.628,14.913,4,131.0,B,NCTL,ND,11986,2023-wimbledon-1301_S4_G5_P255,1,0,0,0,0,0,0,1
2023-wimbledon-1301,Carlos Alcaraz,Nicolas Jarry,03:20:21,4,5,256,2,1,1,3,40,40,2,1,2,131,125,0,0,0,0,0,0,0,0,0,1,0,0,0,0,0,0,0,0,0,0,0,13.0,11.521,3,131.0,C,NCTL,ND,12021,2023-wimbledon-1301_S4_G5_P256,1,0,0,0,0,0,0,1
2023-wimbledon-1301,Carlos Alcaraz,Nicolas Jarry,03:20:54,4,5,257,2,1,1,3,40,AD,2,1,2,131,126,2,0,0,1,0,1,0,0,0,0,0,0,0,0,0,0,0,0,0,0,0,1.865,1.001,1,116.0,C,CTL,,12054,2023-wimbledon-1301_S4_G5_P257,1,0,0,0,1,0,1,0
2023-wimbledon-1301,Carlos Alcaraz,Nicolas Jarry,03:22:58,4,6,258,2,1,1,4,0,0,1,2,2,131,127,0,0,0,0,0,0,0,1,0,1,0,0,0,0,0,0,0,0,0,0,0,7.196,14.763,0,,C,NCTL,ND,12178,2023-wimbledon-1301_S4_G6_P258,1,0,1,0,0,1,0,1
2023-wimbledon-1301,Carlos Alcaraz,Nicolas Jarry,03:23:55,4,6,259,2,1,1,4,0,15,1,2,1,132,127,0,0,0,0,0,0,0,0,0,0,1,0,0,0,0,0,0,0,0,0,0,18.567,17.63,5,92.0,BW,CTL,D,12235,2023-wimbledon-1301_S4_G6_P259,1,0,1,0,0,0,0,1
2023-wimbledon-1301,Carlos Alcaraz,Nicolas Jarry,03:25:03,4,6,260,2,1,1,4,15,15,1,1,1,133,127,0,0,0,0,0,0,0,0,0,0,0,0,0,0,0,0,0,0,0,0,0,2.312,3.127,1,113.0,BW,NCTL,D,12303,2023-wimbledon-1301_S4_G6_P260,1,0,0,0,0,0,0,0
2023-wimbledon-1301,Carlos Alcaraz,Nicolas Jarry,03:25:28,4,6,261,2,1,1,4,30,15,1,1,1,134,127,0,0,0,0,0,0,0,0,0,0,0,1,0,1,0,0,0,0,0,0,0,20.729,34.339,5,113.0,BW,CTL,,12328,2023-wimbledon-1301_S4_G6_P261,1,0,0,0,0,0,0,0
2023-wimbledon-1301,Carlos Alcaraz,Nicolas Jarry,03:26:04,4,6,262,2,1,1,4,40,15,1,1,1,135,127,1,0,1,0,1,0,0,0,0,0,0,0,0,0,0,0,0,0,0,0,0,0.0,0.0,1,131.0,,,,12364,2023-wimbledon-1301_S4_G6_P262,1,0,0,0,1,0,1,0
2023-wimbledon-1301,Carlos Alcaraz,Nicolas Jarry,03:27:02,4,7,263,2,1,2,4,0,0,2,1,1,136,127,0,0,0,0,0,0,0,0,0,0,0,0,0,0,0,0,0,0,0,0,0,66.051,71.082,16,126.0,BC,NCTL,D,12422,2023-wimbledon-1301_S4_G7_P263,1,0,0,0,0,0,0,0
2023-wimbledon-1301,Carlos Alcaraz,Nicolas Jarry,03:28:08,4,7,264,2,1,2,4,15,0,2,2,1,137,127,0,0,0,0,0,0,0,0,1,0,1,0,0,0,0,0,0,0,0,0,0,5.41,4.731,0,,BW,CTL,D,12488,2023-wimbledon-1301_S4_G7_P264,1,0,1,0,0,1,0,1
2023-wimbledon-1301,Carlos Alcaraz,Nicolas Jarry,03:28:56,4,7,265,2,1,2,4,30,0,2,1,2,137,128,0,0,0,0,0,0,0,0,0,0,0,0,0,0,0,0,0,0,0,0,0,6.454,4.538,1,129.0,BC,CTL,D,12536,2023-wimbledon-1301_S4_G7_P265,1,0,0,0,0,0,0,0
2023-wimbledon-1301,Carlos Alcaraz,Nicolas Jarry,03:29:21,4,7,266,2,1,2,4,30,15,2,1,1,138,128,0,0,0,0,0,0,0,0,0,0,0,0,1,0,0,0,0,0,0,0,0,5.555,5.758,2,129.0,W,CTL,ND,12561,2023-wimbledon-1301_S4_G7_P266,1,0,0,0,0,0,0,0
2023-wimbledon-1301,Carlos Alcaraz,Nicolas Jarry,03:29:54,4,7,267,2,1,2,4,40,15,2,1,2,138,129,0,0,0,0,0,1,F,0,0,0,0,0,0,0,0,1,0,0,0,1,0,12.044,7.425,3,129.0,BC,CTL,ND,12594,2023-wimbledon-1301_S4_G7_P267,1,0,0,1,0,0,1,0
2023-wimbledon-1301,Carlos Alcaraz,Nicolas Jarry,03:30:31,4,7,268,2,1,2,4,40,30,2,1,1,139,129,1,0,0,0,0,0,0,0,0,0,1,0,1,0,0,1,0,1,0,0,0,11.127,11.612,2,129.0,W,CTL,ND,12631,2023-wimbledon-1301_S4_G7_P268,1,0,0,1,0,0,0,1
2023-wimbledon-1301,Carlos Alcaraz,Nicolas Jarry,03:32:27,4,8,269,2,1,3,4,0,0,1,1,1,140,129,0,0,0,0,0,0,0,0,0,0,0,0,0,0,0,0,0,0,0,0,0,29.269,23.931,7,123.0,C,CTL,D,12747,2023-wimbledon-1301_S4_G8_P269,1,0,0,0,0,0,0,0
2023-wimbledon-1301,Carlos Alcaraz,Nicolas Jarry,03:33:01,4,8,270,2,1,3,4,15,0,1,2,1,141,129,0,0,0,0,1,0,F,0,0,0,0,0,0,0,0,0,0,0,0,0,0,5.17,12.344,3,90.0,W,CTL,ND,12781,2023-wimbledon-1301_S4_G8_P270,1,0,1,0,0,0,1,0
2023-wimbledon-1301,Carlos Alcaraz,Nicolas Jarry,03:33:45,4,8,271,2,1,3,4,30,0,1,2,2,141,130,0,0,0,0,0,0,0,1,0,1,0,0,0,0,0,0,0,0,0,0,0,4.901,6.558,0,,BC,CTL,,12825,2023-wimbledon-1301_S4_G8_P271,1,0,1,0,0,1,0,1
2023-wimbledon-1301,Carlos Alcaraz,Nicolas Jarry,03:34:24,4,8,272,2,1,3,4,30,15,1,1,1,142,130,0,0,0,0,0,0,0,0,0,0,0,0,0,0,0,0,0,0,0,0,0,2.559,2.69,1,113.0,BC,NCTL,ND,12864,2023-wimbledon-1301_S4_G8_P272,1,0,0,0,0,0,0,0
2023-wimbledon-1301,Carlos Alcaraz,Nicolas Jarry,03:34:53,4,8,273,2,1,3,4,40,15,1,1,1,143,130,1,0,0,0,0,0,0,0,0,0,0,0,0,0,0,0,0,0,0,0,0,4.559,5.6,1,115.0,BW,NCTL,ND,12893,2023-wimbledon-1301_S4_G8_P273,1,0,0,0,0,0,0,0
2023-wimbledon-1301,Carlos Alcaraz,Nicolas Jarry,03:35:32,4,9,274,2,1,4,4,0,0,2,1,2,143,131,0,0,0,0,0,0,0,0,0,0,0,0,0,0,0,0,0,0,0,0,0,6.958,3.314,1,108.0,W,CTL,D,12932,2023-wimbledon-1301_S4_G9_P274,1,0,0,0,0,0,0,0
2023-wimbledon-1301,Carlos Alcaraz,Nicolas Jarry,03:35:54,4,9,275,2,1,4,4,0,15,2,1,1,144,131,0,0,0,0,0,0,0,0,0,0,1,0,0,0,0,0,0,0,0,0,0,21.572,16.683,4,121.0,C,NCTL,D,12954,2023-wimbledon-1301_S4_G9_P275,1,0,0,0,0,0,0,1
2023-wimbledon-1301,Carlos Alcaraz,Nicolas Jarry,03:36:26,4,9,276,2,1,4,4,15,15,2,1,2,144,132,0,0,0,1,0,1,0,0,0,0,0,0,0,0,0,0,0,0,0,0,0,1.796,1.106,1,110.0,W,CTL,,12986,2023-wimbledon-1301_S4_G9_P276,1,0,0,0,1,0,1,0
2023-wimbledon-1301,Carlos Alcaraz,Nicolas Jarry,03:36:52,4,9,277,2,1,4,4,15,30,2,1,2,144,133,0,0,0,0,0,1,F,0,0,0,0,0,1,0,1,0,0,0,0,0,0,14.401,6.747,3,110.0,C,NCTL,ND,13012,2023-wimbledon-1301_S4_G9_P277,1,0,0,0,0,0,1,0
2023-wimbledon-1301,Carlos Alcaraz,Nicolas Jarry,03:37:21,4,9,278,2,1,4,4,15,40,2,2,2,144,134,2,0,0,0,0,0,0,0,0,1,0,1,0,0,0,0,0,0,0,0,0,28.05,22.624,7,105.0,BC,NCTL,D,13041,2023-wimbledon-1301_S4_G9_P278,1,0,1,0,0,0,0,1
2023-wimbledon-1301,Carlos Alcaraz,Nicolas Jarry,03:39:32,4,10,279,2,1,4,5,0,0,1,2,1,145,134,0,0,0,0,1,0,B,0,0,0,0,0,0,0,0,0,0,0,0,0,0,8.178,10.283,3,101.0,BC,NCTL,ND,13172,2023-wimbledon-1301_S4_G10_P279,1,0,1,0,0,0,1,0
2023-wimbledon-1301,Carlos Alcaraz,Nicolas Jarry,03:40:14,4,10,280,2,1,4,5,15,0,1,2,1,146,134,0,0,0,0,0,0,0,0,0,0,1,0,0,0,0,0,0,0,0,0,0,9.464,9.553,3,92.0,B,NCTL,ND,13214,2023-wimbledon-1301_S4_G10_P280,1,0,1,0,0,0,0,1
2023-wimbledon-1301,Carlos Alcaraz,Nicolas Jarry,03:41:00,4,10,281,2,1,4,5,30,0,1,1,2,146,135,0,0,0,0,0,0,0,0,0,1,0,0,0,0,0,0,0,0,0,0,0,15.671,18.724,4,124.0,BC,NCTL,ND,13260,2023-wimbledon-1301_S4_G10_P281,1,0,0,0,0,0,0,1
2023-wimbledon-1301,Carlos Alcaraz,Nicolas Jarry,03:41:32,4,10,282,2,1,4,5,30,15,1,1,1,147,135,0,0,0,0,1,0,F,0,0,0,0,1,0,1,0,0,0,0,0,0,0,35.211,41.728,11,121.0,C,NCTL,D,13292,2023-wimbledon-1301_S4_G10_P282,1,0,0,0,0,0,1,0
2023-wimbledon-1301,Carlos Alcaraz,Nicolas Jarry,03:42:16,4,10,283,2,1,4,5,40,15,1,1,2,147,136,0,0,0,0,0,0,0,0,0,0,0,1,0,0,0,0,0,0,0,0,0,6.304,5.466,2,115.0,W,NCTL,ND,13336,2023-wimbledon-1301_S4_G10_P283,1,0,0,0,0,0,0,0
2023-wimbledon-1301,Carlos Alcaraz,Nicolas Jarry,03:42:48,4,10,284,2,1,4,5,40,30,1,2,2,147,137,0,0,0,0,0,0,0,0,0,0,0,0,0,0,0,0,0,0,0,0,0,18.374,24.586,6,95.0,BW,NCTL,ND,13368,2023-wimbledon-1301_S4_G10_P284,1,0,1,0,0,0,0,0
2023-wimbledon-1301,Carlos Alcaraz,Nicolas Jarry,03:43:49,4,10,285,2,1,4,5,40,40,1,1,1,148,137,0,0,0,0,1,0,F,0,0,0,0,0,0,0,0,0,0,0,0,0,0,9.086,13.871,3,129.0,C,CTL,D,13429,2023-wimbledon-1301_S4_G10_P285,1,0,0,0,0,0,1,0
2023-wimbledon-1301,Carlos Alcaraz,Nicolas Jarry,03:44:23,4,10,286,2,1,4,5,AD,40,1,1,1,149,137,1,0,0,0,0,0,0,0,0,0,0,0,0,0,0,0,0,0,0,0,0,3.861,4.678,1,113.0,C,NCTL,ND,13463,2023-wimbledon-1301_S4_G10_P286,1,0,0,0,0,0,0,0
2023-wimbledon-1301,Carlos Alcaraz,Nicolas Jarry,03:45:10,4,11,287,2,1,5,5,0,0,2,1,2,149,138,0,0,0,0,0,0,0,0,0,0,0,0,0,0,0,0,0,0,0,0,0,14.701,6.51,1,125.0,BC,CTL,ND,13510,2023-wimbledon-1301_S4_G11_P287,1,0,0,0,0,0,0,0
2023-wimbledon-1301,Carlos Alcaraz,Nicolas Jarry,03:45:48,4,11,288,2,1,5,5,0,15,2,2,1,150,138,0,0,0,0,0,0,0,0,0,0,0,1,0,1,0,0,0,0,0,0,0,10.826,11.492,2,92.0,BW,NCTL,D,13548,2023-wimbledon-1301_S4_G11_P288,1,0,1,0,0,0,0,0
2023-wimbledon-1301,Carlos Alcaraz,Nicolas Jarry,03:46:28,4,11,289,2,1,5,5,15,15,2,1,2,150,139,0,0,0,0,0,1,F,0,0,0,0,0,1,0,1,0,0,0,0,0,0,26.067,25.256,9,130.0,BC,NCTL,ND,13588,2023-wimbledon-1301_S4_G11_P289,1,0,0,0,0,0,1,0
2023-wimbledon-1301,Carlos Alcaraz,Nicolas Jarry,03:47:15,4,11,290,2,1,5,5,15,30,2,1,1,151,139,0,0,0,0,0,0,0,0,0,0,0,0,0,0,0,0,0,0,0,0,0,17.319,11.144,4,113.0,C,NCTL,D,13635,2023-wimbledon-1301_S4_G11_P290,1,0,0,0,0,0,0,0
2023-wimbledon-1301,Carlos Alcaraz,Nicolas Jarry,03:47:51,4,11,291,2,1,5,5,30,30,2,2,1,152,139,0,0,0,0,0,0,0,0,0,0,1,0,1,0,0,0,0,0,0,0,0,31.781,21.505,6,113.0,BW,NCTL,D,13671,2023-wimbledon-1301_S4_G11_P291,1,0,1,0,0,0,0,1
2023-wimbledon-1301,Carlos Alcaraz,Nicolas Jarry,03:48:58,4,11,292,2,1,5,5,40,30,2,2,1,153,139,1,0,0,0,1,0,B,0,0,0,0,0,0,0,0,1,0,1,0,0,0,6.414,5.129,2,108.0,BW,NCTL,D,13738,2023-wimbledon-1301_S4_G11_P292,1,0,1,1,0,0,1,0
2023-wimbledon-1301,Carlos Alcaraz,Nicolas Jarry,03:50:55,4,12,293,2,1,6,5,0,0,1,2,2,153,140,0,0,0,0,0,0,0,0,0,1,0,0,0,0,0,0,0,0,0,0,0,36.084,26.436,8,112.0,B,NCTL,D,13855,2023-wimbledon-1301_S4_G12_P293,1,0,1,0,0,0,0,1
2023-wimbledon-1301,Carlos Alcaraz,Nicolas Jarry,03:51:52,4,12,294,2,1,6,5,0,15,1,1,1,154,140,0,0,0,0,0,0,0,0,0,0,0,1,0,1,0,0,0,0,0,0,0,16.595,20.15,5,120.0,C,NCTL,,13912,2023-wimbledon-1301_S4_G12_P294,1,0,0,0,0,0,0,0
2023-wimbledon-1301,Carlos Alcaraz,Nicolas Jarry,03:52:30,4,12,295,2,1,6,5,15,15,1,2,1,155,140,0,0,0,0,1,0,F,0,0,0,0,0,1,0,0,0,0,0,0,0,0,27.722,36.86,3,104.0,B,CTL,ND,13950,2023-wimbledon-1301_S4_G12_P295,1,0,1,0,0,0,1,0
2023-wimbledon-1301,Carlos Alcaraz,Nicolas Jarry,03:53:25,4,12,296,2,1,6,5,30,15,1,1,2,155,141,0,0,0,0,0,0,0,0,0,0,0,1,0,0,0,0,0,0,0,0,0,10.044,9.281,2,130.0,BW,NCTL,ND,14005,2023-wimbledon-1301_S4_G12_P296,1,0,0,0,0,0,0,0
2023-wimbledon-1301,Carlos Alcaraz,Nicolas Jarry,03:54:01,4,12,297,2,1,6,5,30,30,1,1,2,155,142,0,0,0,0,0,1,B,0,0,0,0,0,0,0,0,0,0,0,0,0,0,52.318,58.723,14,113.0,BW,NCTL,ND,14041,2023-wimbledon-1301_S4_G12_P297,1,0,0,0,0,0,1,0
2023-wimbledon-1301,Carlos Alcaraz,Nicolas Jarry,03:55:02,4,12,298,2,1,6,5,30,40,1,1,1,156,142,0,0,0,0,0,0,0,0,0,0,0,0,0,0,0,0,1,0,0,0,1,2.056,1.509,1,129.0,B,NCTL,ND,14102,2023-wimbledon-1301_S4_G12_P298,1,0,0,1,0,0,0,0
2023-wimbledon-1301,Carlos Alcaraz,Nicolas Jarry,03:55:34,4,12,299,2,1,6,5,40,40,1,1,1,157,142,0,0,0,0,0,0,0,0,0,0,0,0,0,0,0,0,0,0,0,0,0,12.292,32.582,1,128.0,C,NCTL,ND,14134,2023-wimbledon-1301_S4_G12_P299,1,0,0,0,0,0,0,0
2023-wimbledon-1301,Carlos Alcaraz,Nicolas Jarry,03:56:11,4,12,300,2,1,6,5,AD,40,1,1,1,158,142,1,1,0,0,0,0,0,0,0,0,0,0,0,0,0,0,0,0,0,0,0,3.767,6.518,1,116.0,BW,NCTL,ND,14171,2023-wimbledon-1301_S4_G12_P300,1,0,0,0,0,0,0,0
2023-wimbledon-1302,Alexander Zverev,Matteo Berrettini,00:00:00,1,1,1,0,0,0,0,0,0,2,2,1,1,0,0,0,0,0,0,0,0,0,0,0,1,0,0,0,0,0,0,0,0,0,0,13.646,5.293,2,108.0,BC,NCTL,ND,0,2023-wimbledon-1302_S1_G1_P1,2,0,1,0,0,0,0,1
2023-wimbledon-1302,Alexander Zverev,Matteo Berrettini,00:00:36,1,1,2,0,0,0,0,15,0,2,1,2,1,1,0,0,0,0,0,0,0,0,0,0,0,0,0,0,0,0,0,0,0,0,0,6.596,4.009,1,124.0,C,NCTL,ND,36,2023-wimbledon-1302_S1_G1_P2,2,0,0,0,0,0,0,0
2023-wimbledon-1302,Alexander Zverev,Matteo Berrettini,00:00:58,1,1,3,0,0,0,0,15,15,2,2,2,1,2,0,0,0,0,0,0,0,0,0,0,0,0,0,0,0,0,0,0,0,0,0,72.403,55.989,9,104.0,BW,NCTL,D,58,2023-wimbledon-1302_S1_G1_P3,2,0,1,0,0,0,0,0
2023-wimbledon-1302,Alexander Zverev,Matteo Berrettini,00:01:52,1,1,4,0,0,0,0,15,30,2,2,1,2,2,0,0,0,0,0,0,0,0,0,0,0,0,0,0,0,0,0,0,0,0,0,17.565,8.453,2,98.0,W,NCTL,D,112,2023-wimbledon-1302_S1_G1_P4,2,0,1,0,0,0,0,0
2023-wimbledon-1302,Alexander Zverev,Matteo Berrettini,00:02:32,1,1,5,0,0,0,0,30,30,2,2,1,3,2,0,0,0,0,0,0,0,0,1,0,1,0,0,0,0,0,0,0,0,0,0,3.195,2.378,0,,,,ND,152,2023-wimbledon-1302_S1_G1_P5,2,0,1,0,0,1,0,1
2023-wimbledon-1302,Alexander Zverev,Matteo Berrettini,00:03:12,1,1,6,0,0,0,0,40,30,2,1,2,3,3,0,0,0,0,0,0,0,0,0,0,0,0,0,0,0,1,0,0,0,1,0,5.414,4.119,1,125.0,C,NCTL,ND,192,2023-wimbledon-1302_S1_G1_P6,2,0,0,1,0,0,0,0
2023-wimbledon-1302,Alexander Zverev,Matteo Berrettini,00:03:37,1,1,7,0,0,0,0,40,40,2,1,2,3,4,0,0,0,0,0,0,0,0,0,0,0,0,0,0,0,0,0,0,0,0,0,4.703,2.976,1,125.0,C,NCTL,ND,217,2023-wimbledon-1302_S1_G1_P7,2,0,0,0,0,0,0,0
2023-wimbledon-1302,Alexander Zverev,Matteo Berrettini,00:04:01,1,1,8,0,0,0,0,40,AD,2,2,1,4,4,0,0,0,0,0,0,0,0,0,0,0,0,0,0,0,0,0,0,0,0,0,18.651,14.614,4,106.0,B,NCTL,D,241,2023-wimbledon-1302_S1_G1_P8,2,0,1,0,0,0,0,0
2023-wimbledon-1302,Alexander Zverev,Matteo Berrettini,00:04:45,1,1,9,0,0,0,0,40,40,2,1,2,4,5,0,0,0,0,0,0,0,0,0,0,0,0,0,0,0,0,0,0,0,0,0,4.863,4.433,1,117.0,W,NCTL,D,285,2023-wimbledon-1302_S1_G1_P9,2,0,0,0,0,0,0,0
2023-wimbledon-1302,Alexander Zverev,Matteo Berrettini,00:05:08,1,1,10,0,0,0,0,40,AD,2,1,1,5,5,0,0,0,0,0,0,0,0,0,0,0,1,0,1,0,0,0,0,0,0,0,21.321,24.065,4,124.0,C,NCTL,D,308,2023-wimbledon-1302_S1_G1_P10,2,0,0,0,0,0,0,0
2023-wimbledon-1302,Alexander Zverev,Matteo Berrettini,00:05:42,1,1,11,0,0,0,0,40,40,2,1,2,5,6,0,0,0,1,0,1,0,0,0,0,0,0,0,0,0,0,0,0,0,0,0,0.971,0.589,1,132.0,C,CTL,,342,2023-wimbledon-1302_S1_G1_P11,2,0,0,0,1,0,1,0
2023-wimbledon-1302,Alexander Zverev,Matteo Berrettini,00:06:07,1,1,12,0,0,0,0,40,AD,2,2,2,5,7,2,0,0,0,0,0,0,0,0,1,0,0,0,0,0,0,0,0,0,0,0,17.748,17.025,3,100.0,BC,NCTL,D,367,2023-wimbledon-1302_S1_G1_P12,2,0,1,0,0,0,0,1
2023-wimbledon-1302,Alexander Zverev,Matteo Berrettini,00:07:26,1,2,13,0,0,0,1,0,0,1,1,1,6,7,0,0,0,0,1,0,B,0,0,0,0,1,0,1,0,0,0,0,0,0,0,10.801,8.378,3,137.0,C,NCTL,ND,446,2023-wimbledon-1302_S1_G2_P13,2,0,0,0,0,0,1,0
2023-wimbledon-1302,Alexander Zverev,Matteo Berrettini,00:07:52,1,2,14,0,0,0,1,15,0,1,2,1,7,7,0,0,0,0,0,0,0,0,0,0,0,0,0,0,0,0,0,0,0,0,0,10.715,12.196,3,97.0,W,CTL,ND,472,2023-wimbledon-1302_S1_G2_P14,2,0,1,0,0,0,0,0
2023-wimbledon-1302,Alexander Zverev,Matteo Berrettini,00:08:33,1,2,15,0,0,0,1,30,0,1,1,1,8,7,0,0,0,0,1,0,B,0,0,0,0,0,0,0,0,0,0,0,0,0,0,6.632,10.454,3,129.0,BW,NCTL,ND,513,2023-wimbledon-1302_S1_G2_P15,2,0,0,0,0,0,1,0
2023-wimbledon-1302,Alexander Zverev,Matteo Berrettini,00:09:00,1,2,16,0,0,0,1,40,0,1,1,1,9,7,1,0,0,0,0,0,0,0,0,0,0,0,0,0,0,0,0,0,0,0,0,3.931,4.061,1,131.0,BC,CTL,D,540,2023-wimbledon-1302_S1_G2_P16,2,0,0,0,0,0,0,0
2023-wimbledon-1302,Alexander Zverev,Matteo Berrettini,00:09:38,1,3,17,0,0,1,1,0,0,2,1,2,9,8,0,0,0,0,0,0,0,0,0,0,0,0,0,0,0,0,0,0,0,0,0,4.711,6.084,1,114.0,W,CTL,ND,578,2023-wimbledon-1302_S1_G3_P17,2,0,0,0,0,0,0,0
2023-wimbledon-1302,Alexander Zverev,Matteo Berrettini,00:10:00,1,3,18,0,0,1,1,0,15,2,2,1,10,8,0,0,0,0,0,0,0,0,0,0,1,0,0,0,0,0,0,0,0,0,0,33.676,12.902,4,107.0,BC,NCTL,D,600,2023-wimbledon-1302_S1_G3_P18,2,0,1,0,0,0,0,1
2023-wimbledon-1302,Alexander Zverev,Matteo Berrettini,00:10:46,1,3,19,0,0,1,1,15,15,2,1,2,10,9,0,0,0,0,0,1,F,0,0,0,0,0,0,0,0,0,0,0,0,0,0,14.696,4.662,3,118.0,W,NCTL,ND,646,2023-wimbledon-1302_S1_G3_P19,2,0,0,0,0,0,1,0
2023-wimbledon-1302,Alexander Zverev,Matteo Berrettini,00:11:13,1,3,20,0,0,1,1,15,30,2,1,2,10,10,0,0,0,0,0,0,0,0,0,0,0,0,0,0,0,0,0,0,0,0,0,5.771,4.452,1,122.0,C,NCTL,D,673,2023-wimbledon-1302_S1_G3_P20,2,0,0,0,0,0,0,0
2023-wimbledon-1302,Alexander Zverev,Matteo Berrettini,00:11:40,1,3,21,0,0,1,1,15,40,2,2,2,10,11,2,0,0,0,0,0,0,0,0,0,0,0,0,0,0,0,0,0,0,0,0,20.07,10.717,3,106.0,BC,NCTL,ND,700,2023-wimbledon-1302_S1_G3_P21,2,0,1,0,0,0,0,0
2023-wimbledon-1302,Alexander Zverev,Matteo Berrettini,00:14:11,1,4,22,0,0,1,2,0,0,1,1,1,11,11,0,0,0,0,0,0,0,0,0,0,0,1,0,1,0,0,0,0,0,0,0,19.797,24.02,5,134.0,BC,CTL,ND,851,2023-wimbledon-1302_S1_G4_P22,2,0,0,0,0,0,0,0
2023-wimbledon-1302,Alexander Zverev,Matteo Berrettini,00:14:42,1,4,23,0,0,1,2,15,0,1,1,1,12,11,0,0,0,0,1,0,F,0,0,0,0,0,0,0,0,0,0,0,0,0,0,5.527,9.473,3,135.0,W,NCTL,ND,882,2023-wimbledon-1302_S1_G4_P23,2,0,0,0,0,0,1,0
2023-wimbledon-1302,Alexander Zverev,Matteo Berrettini,00:15:09,1,4,24,0,0,1,2,30,0,1,1,2,12,12,0,0,0,0,0,0,0,0,0,1,0,0,0,0,0,0,0,0,0,0,0,22.044,19.279,4,124.0,W,NCTL,ND,909,2023-wimbledon-1302_S1_G4_P24,2,0,0,0,0,0,0,1
2023-wimbledon-1302,Alexander Zverev,Matteo Berrettini,00:15:54,1,4,25,0,0,1,2,30,15,1,1,1,13,12,0,0,0,0,0,0,0,0,0,0,1,0,0,0,0,0,0,0,0,0,0,19.56,24.45,5,128.0,W,CTL,ND,954,2023-wimbledon-1302_S1_G4_P25,2,0,0,0,0,0,0,1
2023-wimbledon-1302,Alexander Zverev,Matteo Berrettini,00:16:30,1,4,26,0,0,1,2,40,15,1,1,1,14,12,1,0,0,0,0,0,0,0,0,0,0,0,0,0,0,0,0,0,0,0,0,5.568,6.851,1,133.0,C,CTL,D,990,2023-wimbledon-1302_S1_G4_P26,2,0,0,0,0,0,0,0
2023-wimbledon-1302,Alexander Zverev,Matteo Berrettini,00:17:03,1,5,27,0,0,2,2,0,0,2,2,2,14,13,0,0,0,0,0,0,0,0,0,0,0,0,0,0,0,0,0,0,0,0,0,4.021,3.404,1,106.0,C,NCTL,,1023,2023-wimbledon-1302_S1_G5_P27,2,0,1,0,0,0,0,0
2023-wimbledon-1302,Alexander Zverev,Matteo Berrettini,00:17:38,1,5,28,0,0,2,2,0,15,2,1,2,14,14,0,0,0,0,0,0,0,0,0,0,0,0,0,0,0,0,0,0,0,0,0,5.715,4.396,1,123.0,C,NCTL,D,1058,2023-wimbledon-1302_S1_G5_P28,2,0,0,0,0,0,0,0
2023-wimbledon-1302,Alexander Zverev,Matteo Berrettini,00:17:59,1,5,29,0,0,2,2,0,30,2,2,1,15,14,0,0,0,0,0,0,0,0,0,0,1,0,0,0,0,0,0,0,0,0,0,12.276,11.873,4,104.0,BW,NCTL,D,1079,2023-wimbledon-1302_S1_G5_P29,2,0,1,0,0,0,0,1
2023-wimbledon-1302,Alexander Zverev,Matteo Berrettini,00:18:42,1,5,30,0,0,2,2,15,30,2,1,2,15,15,0,0,0,1,0,1,0,0,0,0,0,0,0,0,0,0,0,0,0,0,0,1.222,0.778,1,125.0,W,CTL,,1122,2023-wimbledon-1302_S1_G5_P30,2,0,0,0,1,0,1,0
2023-wimbledon-1302,Alexander Zverev,Matteo Berrettini,00:19:07,1,5,31,0,0,2,2,15,40,2,1,2,15,16,2,0,0,0,0,0,0,0,0,0,0,0,0,0,0,0,0,0,0,0,0,6.431,4.514,1,114.0,W,NCTL,D,1147,2023-wimbledon-1302_S1_G5_P31,2,0,0,0,0,0,0,0
2023-wimbledon-1302,Alexander Zverev,Matteo Berrettini,00:20:46,1,6,32,0,0,2,3,0,0,1,1,1,16,16,0,0,0,0,1,0,B,0,0,0,0,0,0,0,0,0,0,0,0,0,0,22.039,23.524,7,125.0,BW,NCTL,ND,1246,2023-wimbledon-1302_S1_G6_P32,2,0,0,0,0,0,1,0
2023-wimbledon-1302,Alexander Zverev,Matteo Berrettini,00:21:20,1,6,33,0,0,2,3,15,0,1,2,2,16,17,0,0,0,0,0,0,0,0,0,0,0,0,0,0,0,0,0,0,0,0,0,28.643,25.824,6,95.0,B,NCTL,D,1280,2023-wimbledon-1302_S1_G6_P33,2,0,1,0,0,0,0,0
2023-wimbledon-1302,Alexander Zverev,Matteo Berrettini,00:22:18,1,6,34,0,0,2,3,15,15,1,1,1,17,17,0,0,0,0,0,0,0,0,0,0,0,0,0,0,0,0,0,0,0,0,0,8.482,7.419,1,133.0,C,NCTL,D,1338,2023-wimbledon-1302_S1_G6_P34,2,0,0,0,0,0,0,0
2023-wimbledon-1302,Alexander Zverev,Matteo Berrettini,00:22:42,1,6,35,0,0,2,3,30,15,1,1,1,18,17,0,0,0,0,0,0,0,0,0,0,0,0,0,0,0,0,0,0,0,0,0,2.78,4.2,1,129.0,C,NCTL,ND,1362,2023-wimbledon-1302_S1_G6_P35,2,0,0,0,0,0,0,0
2023-wimbledon-1302,Alexander Zverev,Matteo Berrettini,00:23:04,1,6,36,0,0,2,3,40,15,1,1,1,19,17,1,0,0,0,0,0,0,0,0,0,0,1,0,1,0,0,0,0,0,0,0,11.155,18.797,3,122.0,W,NCTL,ND,1384,2023-wimbledon-1302_S1_G6_P36,2,0,0,0,0,0,0,0
2023-wimbledon-1302,Alexander Zverev,Matteo Berrettini,00:23:48,1,7,37,0,0,3,3,0,0,2,1,2,19,18,0,0,0,0,0,0,0,0,0,0,0,0,0,0,0,0,0,0,0,0,0,6.455,4.369,1,115.0,W,CTL,ND,1428,2023-wimbledon-1302_S1_G7_P37,2,0,0,0,0,0,0,0
2023-wimbledon-1302,Alexander Zverev,Matteo Berrettini,00:24:10,1,7,38,0,0,3,3,0,15,2,1,2,19,19,0,0,0,1,0,1,0,0,0,0,0,0,0,0,0,0,0,0,0,0,0,1.184,0.736,1,118.0,W,CTL,,1450,2023-wimbledon-1302_S1_G7_P38,2,0,0,0,1,0,1,0
2023-wimbledon-1302,Alexander Zverev,Matteo Berrettini,00:24:32,1,7,39,0,0,3,3,0,30,2,1,2,19,20,0,0,0,0,0,0,0,0,0,0,0,0,0,0,0,0,0,0,0,0,0,5.556,2.859,1,116.0,W,NCTL,D,1472,2023-wimbledon-1302_S1_G7_P39,2,0,0,0,0,0,0,0
2023-wimbledon-1302,Alexander Zverev,Matteo Berrettini,00:24:56,1,7,40,0,0,3,3,0,40,2,1,2,19,21,2,0,0,1,0,1,0,0,0,0,0,0,0,0,0,0,0,0,0,0,0,1.498,0.816,1,121.0,C,NCTL,,1496,2023-wimbledon-1302_S1_G7_P40,2,0,0,0,1,0,1,0
2023-wimbledon-1302,Alexander Zverev,Matteo Berrettini,00:26:43,1,8,41,0,0,3,4,0,0,1,1,2,19,22,0,0,0,0,0,0,0,0,0,1,0,0,0,0,0,0,0,0,0,0,0,36.345,38.814,10,125.0,W,NCTL,D,1603,2023-wimbledon-1302_S1_G8_P41,2,0,0,0,0,0,0,1
2023-wimbledon-1302,Alexander Zverev,Matteo Berrettini,00:27:19,1,8,42,0,0,3,4,0,15,1,1,1,20,22,0,0,0,0,0,0,0,0,0,0,0,0,0,0,0,0,0,0,0,0,0,4.229,3.872,1,131.0,BW,NCTL,ND,1639,2023-wimbledon-1302_S1_G8_P42,2,0,0,0,0,0,0,0
2023-wimbledon-1302,Alexander Zverev,Matteo Berrettini,00:27:46,1,8,43,0,0,3,4,15,15,1,1,2,20,23,0,0,0,0,0,0,0,0,0,1,0,0,0,0,0,0,0,0,0,0,0,28.271,36.83,10,127.0,W,NCTL,ND,1666,2023-wimbledon-1302_S1_G8_P43,2,0,0,0,0,0,0,1
2023-wimbledon-1302,Alexander Zverev,Matteo Berrettini,00:28:29,1,8,44,0,0,3,4,15,30,1,2,2,20,24,0,0,0,0,0,0,0,0,0,1,0,0,0,0,0,0,0,0,0,0,0,7.168,8.783,2,112.0,BC,CTL,ND,1709,2023-wimbledon-1302_S1_G8_P44,2,0,1,0,0,0,0,1
2023-wimbledon-1302,Alexander Zverev,Matteo Berrettini,00:29:22,1,8,45,0,0,3,4,15,40,1,2,2,20,25,2,0,0,0,0,0,0,0,0,1,0,0,0,0,0,0,1,0,1,0,0,6.191,7.371,2,98.0,BC,NCTL,D,1762,2023-wimbledon-1302_S1_G8_P45,2,0,1,1,0,0,0,1
2023-wimbledon-1302,Alexander Zverev,Matteo Berrettini,00:30:22,1,9,46,0,0,3,5,0,0,2,2,1,21,25,0,0,0,0,0,0,0,0,0,0,1,0,0,0,0,0,0,0,0,0,0,8.128,7.101,2,101.0,B,NCTL,ND,1822,2023-wimbledon-1302_S1_G9_P46,2,0,1,0,0,0,0,1
2023-wimbledon-1302,Alexander Zverev,Matteo Berrettini,00:31:01,1,9,47,0,0,3,5,15,0,2,1,2,21,26,0,0,0,0,0,0,0,0,0,0,0,0,0,0,0,0,0,0,0,0,0,6.102,4.483,1,129.0,C,NCTL,D,1861,2023-wimbledon-1302_S1_G9_P47,2,0,0,0,0,0,0,0
2023-wimbledon-1302,Alexander Zverev,Matteo Berrettini,00:31:26,1,9,48,0,0,3,5,15,15,2,1,1,22,26,0,0,0,0,0,0,0,0,0,0,1,0,0,0,0,0,0,0,0,0,0,6.412,4.971,2,129.0,C,NCTL,ND,1886,2023-wimbledon-1302_S1_G9_P48,2,0,0,0,0,0,0,1
2023-wimbledon-1302,Alexander Zverev,Matteo Berrettini,00:31:55,1,9,49,0,0,3,5,30,15,2,1,2,22,27,0,0,0,0,0,0,0,0,0,0,0,0,0,0,0,0,0,0,0,0,0,12.764,7.224,1,130.0,W,CTL,ND,1915,2023-wimbledon-1302_S1_G9_P49,2,0,0,0,0,0,0,0
2023-wimbledon-1302,Alexander Zverev,Matteo Berrettini,00:32:23,1,9,50,0,0,3,5,30,30,2,1,2,22,28,0,0,0,0,0,0,0,0,0,0,0,0,0,0,0,0,0,0,0,0,0,4.444,2.289,1,119.0,W,CTL,ND,1943,2023-wimbledon-1302_S1_G9_P50,2,0,0,0,0,0,0,0
2023-wimbledon-1302,Alexander Zverev,Matteo Berrettini,00:32:50,1,9,51,0,0,3,5,30,40,2,1,2,22,29,2,2,0,0,0,0,0,0,0,0,0,0,1,0,1,0,0,0,0,0,0,17.785,14.59,3,127.0,C,NCTL,ND,1970,2023-wimbledon-1302_S1_G9_P51,2,0,0,0,0,0,0,0
2023-wimbledon-1302,Alexander Zverev,Matteo Berrettini,00:35:02,2,1,52,0,1,0,0,0,0,1,1,1,23,29,0,0,0,0,1,0,B,0,0,0,0,0,0,0,0,0,0,0,0,0,0,12.678,9.305,3,133.0,C,CTL,ND,2102,2023-wimbledon-1302_S2_G1_P52,2,0,0,0,0,0,1,0
2023-wimbledon-1302,Alexander Zverev,Matteo Berrettini,00:35:26,2,1,53,0,1,0,0,15,0,1,1,1,24,29,0,0,0,0,0,0,0,0,0,0,0,1,0,1,0,0,0,0,0,0,0,10.698,15.154,3,130.0,BW,NCTL,ND,2126,2023-wimbledon-1302_S2_G1_P53,2,0,0,0,0,0,0,0
2023-wimbledon-1302,Alexander Zverev,Matteo Berrettini,00:35:54,2,1,54,0,1,0,0,30,0,1,1,1,25,29,0,0,0,0,1,0,B,0,0,0,0,1,0,1,0,0,0,0,0,0,0,15.229,18.589,5,122.0,BW,NCTL,ND,2154,2023-wimbledon-1302_S2_G1_P54,2,0,0,0,0,0,1,0
2023-wimbledon-1302,Alexander Zverev,Matteo Berrettini,00:36:23,2,1,55,0,1,0,0,40,0,1,1,1,26,29,1,0,0,0,1,0,0,0,0,0,0,0,0,0,0,0,0,0,0,0,0,5.137,5.981,1,131.0,C,CTL,D,2183,2023-wimbledon-1302_S2_G1_P55,2,0,0,0,0,0,1,0
2023-wimbledon-1302,Alexander Zverev,Matteo Berrettini,00:37:24,2,2,56,0,1,1,0,0,0,2,1,2,26,30,0,0,0,0,0,1,F,0,0,0,0,0,1,0,1,0,0,0,0,0,0,8.712,7.871,3,127.0,C,NCTL,ND,2244,2023-wimbledon-1302_S2_G2_P56,2,0,0,0,0,0,1,0
2023-wimbledon-1302,Alexander Zverev,Matteo Berrettini,00:37:52,2,2,57,0,1,1,0,0,15,2,1,2,26,31,0,0,0,0,0,1,F,0,0,0,0,0,1,0,1,0,0,0,0,0,0,17.218,15.389,5,121.0,C,NCTL,D,2272,2023-wimbledon-1302_S2_G2_P57,2,0,0,0,0,0,1,0
2023-wimbledon-1302,Alexander Zverev,Matteo Berrettini,00:38:23,2,2,58,0,1,1,0,0,30,2,2,1,27,31,0,0,0,0,0,0,0,0,1,0,1,0,0,0,0,0,0,0,0,0,0,1.945,1.907,0,,C,CTL,,2303,2023-wimbledon-1302_S2_G2_P58,2,0,1,0,0,1,0,1
2023-wimbledon-1302,Alexander Zverev,Matteo Berrettini,00:39:01,2,2,59,0,1,1,0,15,30,2,2,2,27,32,0,0,0,0,0,0,0,0,0,1,0,0,0,0,0,0,0,0,0,0,0,11.353,14.814,3,105.0,B,NCTL,ND,2341,2023-wimbledon-1302_S2_G2_P59,2,0,1,0,0,0,0,1
2023-wimbledon-1302,Alexander Zverev,Matteo Berrettini,00:39:42,2,2,60,0,1,1,0,15,40,2,1,2,27,33,2,0,0,1,0,1,0,0,0,0,0,0,0,0,0,0,0,0,0,0,0,2.164,0.861,1,117.0,W,CTL,,2382,2023-wimbledon-1302_S2_G2_P60,2,0,0,0,1,0,1,0
2023-wimbledon-1302,Alexander Zverev,Matteo Berrettini,00:40:14,2,3,61,0,1,1,1,0,0,1,1,1,28,33,0,0,0,0,0,0,0,0,0,0,0,0,0,0,0,0,0,0,0,0,0,10.748,8.028,1,131.0,C,CTL,,2414,2023-wimbledon-1302_S2_G3_P61,2,0,0,0,0,0,0,0
2023-wimbledon-1302,Alexander Zverev,Matteo Berrettini,00:40:38,2,3,62,0,1,1,1,15,0,1,1,1,29,33,0,0,1,0,1,0,0,0,0,0,0,0,0,0,0,0,0,0,0,0,0,0.95,1.106,1,131.0,W,CTL,,2438,2023-wimbledon-1302_S2_G3_P62,2,0,0,0,1,0,1,0
2023-wimbledon-1302,Alexander Zverev,Matteo Berrettini,00:40:56,2,3,63,0,1,1,1,30,0,1,1,1,30,33,0,0,1,0,1,0,0,0,0,0,0,0,0,0,0,0,0,0,0,0,0,0.913,0.967,1,121.0,W,CTL,,2456,2023-wimbledon-1302_S2_G3_P63,2,0,0,0,1,0,1,0
2023-wimbledon-1302,Alexander Zverev,Matteo Berrettini,00:41:13,2,3,64,0,1,1,1,40,0,1,1,1,31,33,1,0,1,0,1,0,0,0,0,0,0,0,0,0,0,0,0,0,0,0,0,0.628,0.911,1,126.0,C,NCTL,,2473,2023-wimbledon-1302_S2_G3_P64,2,0,0,0,1,0,1,0
2023-wimbledon-1302,Alexander Zverev,Matteo Berrettini,00:43:00,2,4,65,0,1,2,1,0,0,2,1,2,31,34,0,0,0,1,0,1,0,0,0,0,0,0,0,0,0,0,0,0,0,0,0,1.486,0.654,1,113.0,W,CTL,,2580,2023-wimbledon-1302_S2_G4_P65,2,0,0,0,1,0,1,0
2023-wimbledon-1302,Alexander Zverev,Matteo Berrettini,00:43:22,2,4,66,0,1,2,1,0,15,2,2,2,31,35,0,0,0,0,0,1,F,0,0,0,0,0,0,0,0,0,0,0,0,0,0,34.081,20.436,5,106.0,B,NCTL,ND,2602,2023-wimbledon-1302_S2_G4_P66,2,0,1,0,0,0,1,0
2023-wimbledon-1302,Alexander Zverev,Matteo Berrettini,00:44:09,2,4,67,0,1,2,1,0,30,2,2,2,31,36,0,0,0,0,0,0,0,0,0,1,0,0,0,0,0,0,0,0,0,0,0,4.017,3.984,1,108.0,BC,NCTL,ND,2649,2023-wimbledon-1302_S2_G4_P67,2,0,1,0,0,0,0,1
2023-wimbledon-1302,Alexander Zverev,Matteo Berrettini,00:44:45,2,4,68,0,1,2,1,0,40,2,1,2,31,37,2,0,0,0,0,0,0,0,0,0,0,0,0,0,0,0,0,0,0,0,0,10.645,7.542,1,120.0,C,CTL,ND,2685,2023-wimbledon-1302_S2_G4_P68,2,0,0,0,0,0,0,0
2023-wimbledon-1302,Alexander Zverev,Matteo Berrettini,00:45:22,2,5,69,0,1,2,2,0,0,1,2,1,32,37,0,0,0,0,1,0,B,0,0,0,0,1,0,1,0,0,0,0,0,0,0,7.694,7.953,3,104.0,C,NCTL,ND,2722,2023-wimbledon-1302_S2_G5_P69,2,0,1,0,0,0,1,0
2023-wimbledon-1302,Alexander Zverev,Matteo Berrettini,00:46:04,2,5,70,0,1,2,2,15,0,1,1,1,33,37,0,0,0,0,1,0,B,0,0,0,0,1,0,1,0,0,0,0,0,0,0,19.77,23.829,7,124.0,C,NCTL,ND,2764,2023-wimbledon-1302_S2_G5_P70,2,0,0,0,0,0,1,0
2023-wimbledon-1302,Alexander Zverev,Matteo Berrettini,00:46:39,2,5,71,0,1,2,2,30,0,1,1,1,34,37,0,0,0,0,0,0,0,0,0,0,1,0,0,0,0,0,0,0,0,0,0,17.058,16.829,5,130.0,C,NCTL,D,2799,2023-wimbledon-1302_S2_G5_P71,2,0,0,0,0,0,0,1
2023-wimbledon-1302,Alexander Zverev,Matteo Berrettini,00:47:13,2,5,72,0,1,2,2,40,0,1,1,1,35,37,1,0,0,0,0,0,0,0,0,0,0,0,0,0,0,0,0,0,0,0,0,6.731,6.162,1,131.0,W,CTL,ND,2833,2023-wimbledon-1302_S2_G5_P72,2,0,0,0,0,0,0,0
2023-wimbledon-1302,Alexander Zverev,Matteo Berrettini,00:48:56,2,6,73,0,1,3,2,0,0,2,2,1,36,37,0,0,0,0,0,0,0,0,0,0,1,0,0,0,0,0,0,0,0,0,0,19.792,14.444,4,106.0,B,NCTL,ND,2936,2023-wimbledon-1302_S2_G6_P73,2,0,1,0,0,0,0,1
2023-wimbledon-1302,Alexander Zverev,Matteo Berrettini,00:49:37,2,6,74,0,1,3,2,15,0,2,2,2,36,38,0,0,0,0,0,1,F,0,0,0,0,0,1,0,1,0,0,0,0,0,0,19.912,15.237,5,103.0,BC,NCTL,ND,2977,2023-wimbledon-1302_S2_G6_P74,2,0,1,0,0,0,1,0
2023-wimbledon-1302,Alexander Zverev,Matteo Berrettini,00:50:25,2,6,75,0,1,3,2,15,15,2,1,2,36,39,0,0,0,0,0,1,F,0,0,0,0,0,0,0,0,0,0,0,0,0,0,19.786,11.067,3,121.0,C,NCTL,ND,3025,2023-wimbledon-1302_S2_G6_P75,2,0,0,0,0,0,1,0
2023-wimbledon-1302,Alexander Zverev,Matteo Berrettini,00:51:04,2,6,76,0,1,3,2,15,30,2,1,2,36,40,0,0,0,1,0,1,0,0,0,0,0,0,0,0,0,0,0,0,0,0,0,1.657,0.588,1,127.0,W,CTL,,3064,2023-wimbledon-1302_S2_G6_P76,2,0,0,0,1,0,1,0
2023-wimbledon-1302,Alexander Zverev,Matteo Berrettini,00:51:27,2,6,77,0,1,3,2,15,40,2,1,2,36,41,2,0,0,0,0,0,0,0,0,0,0,0,0,0,0,0,0,0,0,0,0,6.537,3.442,1,118.0,W,CTL,ND,3087,2023-wimbledon-1302_S2_G6_P77,2,0,0,0,0,0,0,0
2023-wimbledon-1302,Alexander Zverev,Matteo Berrettini,00:52:07,2,7,78,0,1,3,3,0,0,1,1,1,37,41,0,0,0,0,1,0,F,0,0,0,0,1,0,1,0,0,0,0,0,0,0,9.082,9.059,3,131.0,C,NCTL,ND,3127,2023-wimbledon-1302_S2_G7_P78,2,0,0,0,0,0,1,0
2023-wimbledon-1302,Alexander Zverev,Matteo Berrettini,00:52:37,2,7,79,0,1,3,3,15,0,1,1,1,38,41,0,0,0,0,1,0,B,0,0,0,0,0,0,0,0,0,0,0,0,0,0,8.576,11.569,3,123.0,C,NCTL,D,3157,2023-wimbledon-1302_S2_G7_P79,2,0,0,0,0,0,1,0
2023-wimbledon-1302,Alexander Zverev,Matteo Berrettini,00:53:04,2,7,80,0,1,3,3,30,0,1,1,1,39,41,0,0,0,0,0,0,0,0,0,0,0,0,0,0,0,0,0,0,0,0,0,3.908,4.342,1,122.0,BW,NCTL,D,3184,2023-wimbledon-1302_S2_G7_P80,2,0,0,0,0,0,0,0
2023-wimbledon-1302,Alexander Zverev,Matteo Berrettini,00:53:22,2,7,81,0,1,3,3,40,0,1,2,1,40,41,1,0,0,0,0,0,0,0,0,0,1,0,0,0,0,0,0,0,0,0,0,11.221,9.258,3,101.0,BW,NCTL,ND,3202,2023-wimbledon-1302_S2_G7_P81,2,0,1,0,0,0,0,1
2023-wimbledon-1302,Alexander Zverev,Matteo Berrettini,00:56:02,2,8,82,0,1,4,3,0,0,2,1,2,40,42,0,0,0,0,0,1,0,0,0,0,0,0,0,0,0,0,0,0,0,0,0,6.559,2.215,1,113.0,W,CTL,D,3362,2023-wimbledon-1302_S2_G8_P82,2,0,0,0,0,0,1,0
2023-wimbledon-1302,Alexander Zverev,Matteo Berrettini,00:56:22,2,8,83,0,1,4,3,0,15,2,1,1,41,42,0,0,0,0,0,0,0,0,0,0,0,0,0,0,0,0,0,0,0,0,0,10.427,6.815,2,120.0,W,NCTL,D,3382,2023-wimbledon-1302_S2_G8_P83,2,0,0,0,0,0,0,0
2023-wimbledon-1302,Alexander Zverev,Matteo Berrettini,00:56:47,2,8,84,0,1,4,3,15,15,2,2,2,41,43,0,0,0,0,0,1,F,0,0,0,0,1,0,0,0,0,0,0,0,0,0,32.05,19.17,7,105.0,B,NCTL,D,3407,2023-wimbledon-1302_S2_G8_P84,2,0,1,0,0,0,1,0
2023-wimbledon-1302,Alexander Zverev,Matteo Berrettini,00:57:43,2,8,85,0,1,4,3,15,30,2,1,2,41,44,0,0,0,0,0,1,F,0,0,0,0,0,1,0,1,0,0,0,0,0,0,9.595,8.247,3,125.0,BC,NCTL,ND,3463,2023-wimbledon-1302_S2_G8_P85,2,0,0,0,0,0,1,0
2023-wimbledon-1302,Alexander Zverev,Matteo Berrettini,00:58:14,2,8,86,0,1,4,3,15,40,2,2,1,42,44,0,0,0,0,0,0,0,0,0,0,1,0,0,0,0,0,0,0,0,0,0,45.705,22.825,8,112.0,BC,NCTL,D,3494,2023-wimbledon-1302_S2_G8_P86,2,0,1,0,0,0,0,1
2023-wimbledon-1302,Alexander Zverev,Matteo Berrettini,00:59:10,2,8,87,0,1,4,3,30,40,2,2,2,42,45,2,0,0,0,0,0,0,0,0,1,0,0,0,0,0,0,0,0,0,0,0,3.974,4.833,1,107.0,BC,NCTL,D,3550,2023-wimbledon-1302_S2_G8_P87,2,0,1,0,0,0,0,1
2023-wimbledon-1302,Alexander Zverev,Matteo Berrettini,01:00:08,2,9,88,0,1,4,4,0,0,1,2,1,43,45,0,0,0,0,0,0,0,0,0,0,0,0,0,0,0,0,0,0,0,0,0,3.465,2.801,1,105.0,C,NCTL,ND,3608,2023-wimbledon-1302_S2_G9_P88,2,0,1,0,0,0,0,0
2023-wimbledon-1302,Alexander Zverev,Matteo Berrettini,01:00:48,2,9,89,0,1,4,4,15,0,1,2,2,43,46,0,0,0,0,0,0,0,1,0,1,0,0,0,0,0,0,0,0,0,0,0,1.582,1.966,0,,,,ND,3648,2023-wimbledon-1302_S2_G9_P89,2,0,1,0,0,1,0,1
2023-wimbledon-1302,Alexander Zverev,Matteo Berrettini,01:01:30,2,9,90,0,1,4,4,15,15,1,1,1,44,46,0,0,0,0,1,0,B,0,0,0,0,0,0,0,0,0,0,0,0,0,0,38.144,45.613,9,119.0,BW,NCTL,ND,3690,2023-wimbledon-1302_S2_G9_P90,2,0,0,0,0,0,1,0
2023-wimbledon-1302,Alexander Zverev,Matteo Berrettini,01:02:19,2,9,91,0,1,4,4,30,15,1,1,2,44,47,0,0,0,0,0,1,B,0,0,0,0,1,0,0,0,0,0,0,0,0,0,13.238,10.706,4,124.0,BW,NCTL,ND,3739,2023-wimbledon-1302_S2_G9_P91,2,0,0,0,0,0,1,0
2023-wimbledon-1302,Alexander Zverev,Matteo Berrettini,01:49:03,2,9,92,0,1,4,4,30,30,1,1,1,45,47,0,0,0,0,0,0,0,0,0,0,0,0,0,0,0,0,0,0,0,0,0,4.527,5.387,1,131.0,C,CTL,ND,6543,2023-wimbledon-1302_S2_G9_P92,2,0,0,0,0,0,0,0
2023-wimbledon-1302,Alexander Zverev,Matteo Berrettini,01:49:27,2,9,93,0,1,4,4,40,30,1,1,1,46,47,1,0,1,0,1,0,0,0,0,0,0,0,0,0,0,0,0,0,0,0,0,1.135,1.156,1,123.0,C,CTL,,6567,2023-wimbledon-1302_S2_G9_P93,2,0,0,0,1,0,1,0
2023-wimbledon-1302,Alexander Zverev,Matteo Berrettini,01:51:01,2,10,94,0,1,5,4,0,0,2,2,2,46,48,0,0,0,0,0,1,F,0,0,0,0,0,0,0,0,0,0,0,0,0,0,9.363,6.78,3,101.0,BW,NCTL,ND,6661,2023-wimbledon-1302_S2_G10_P94,2,0,1,0,0,0,1,0
2023-wimbledon-1302,Alexander Zverev,Matteo Berrettini,01:51:40,2,10,95,0,1,5,4,0,15,2,1,2,46,49,0,0,0,0,0,1,F,0,0,0,0,0,1,0,1,0,0,0,0,0,0,39.751,29.957,9,119.0,C,CTL,D,6700,2023-wimbledon-1302_S2_G10_P95,2,0,0,0,0,0,1,0
2023-wimbledon-1302,Alexander Zverev,Matteo Berrettini,01:52:17,2,10,96,0,1,5,4,0,30,2,2,1,47,49,0,0,0,0,1,0,F,0,0,0,0,0,0,0,0,0,0,0,0,0,0,18.579,17.068,6,111.0,BC,NCTL,ND,6737,2023-wimbledon-1302_S2_G10_P96,2,0,1,0,0,0,1,0
2023-wimbledon-1302,Alexander Zverev,Matteo Berrettini,01:53:06,2,10,97,0,1,5,4,15,30,2,1,2,47,50,0,0,0,0,0,0,0,0,0,0,0,0,0,0,0,0,0,0,0,0,0,5.043,3.826,1,125.0,W,CTL,ND,6786,2023-wimbledon-1302_S2_G10_P97,2,0,0,0,0,0,0,0
2023-wimbledon-1302,Alexander Zverev,Matteo Berrettini,01:54:35,2,10,98,0,1,5,4,15,40,2,1,2,47,51,2,0,0,0,0,1,0,0,0,0,0,0,0,0,0,0,0,0,0,0,0,1.002,0.853,1,116.0,W,CTL,,6875,2023-wimbledon-1302_S2_G10_P98,2,0,0,0,0,0,1,0
2023-wimbledon-1302,Alexander Zverev,Matteo Berrettini,01:55:12,2,11,99,0,1,5,5,0,0,1,2,1,48,51,0,0,0,0,0,0,0,0,0,0,1,1,0,1,0,0,0,0,0,0,0,24.8,22.473,5,99.0,BC,NCTL,ND,6912,2023-wimbledon-1302_S2_G11_P99,2,0,1,0,0,0,0,1
2023-wimbledon-1302,Alexander Zverev,Matteo Berrettini,01:56:07,2,11,100,0,1,5,5,15,0,1,1,1,49,51,0,0,0,0,1,0,0,0,0,0,0,0,0,0,0,0,0,0,0,0,0,4.948,5.41,1,131.0,W,CTL,ND,6967,2023-wimbledon-1302_S2_G11_P100,2,0,0,0,0,0,1,0
2023-wimbledon-1302,Alexander Zverev,Matteo Berrettini,01:56:28,2,11,101,0,1,5,5,30,0,1,1,1,50,51,0,0,0,0,1,0,F,0,0,0,0,0,0,0,0,0,0,0,0,0,0,6.38,10.438,3,124.0,W,CTL,ND,6988,2023-wimbledon-1302_S2_G11_P101,2,0,0,0,0,0,1,0
2023-wimbledon-1302,Alexander Zverev,Matteo Berrettini,01:56:54,2,11,102,0,1,5,5,40,0,1,1,1,51,51,1,0,0,0,0,0,0,0,0,0,0,0,0,0,0,0,0,0,0,0,0,4.012,6.32,1,127.0,C,NCTL,ND,7014,2023-wimbledon-1302_S2_G11_P102,2,0,0,0,0,0,0,0
2023-wimbledon-1302,Alexander Zverev,Matteo Berrettini,01:58:32,2,12,103,0,1,6,5,0,0,2,1,2,51,52,0,0,0,0,0,0,0,0,0,0,0,0,1,0,1,0,0,0,0,0,0,29.782,22.141,5,110.0,W,CTL,D,7112,2023-wimbledon-1302_S2_G12_P103,2,0,0,0,0,0,0,0
2023-wimbledon-1302,Alexander Zverev,Matteo Berrettini,01:59:03,2,12,104,0,1,6,5,0,15,2,1,1,52,52,0,0,0,0,0,0,0,0,0,0,1,0,0,0,0,0,0,0,0,0,0,10.813,5.158,2,119.0,BW,NCTL,ND,7143,2023-wimbledon-1302_S2_G12_P104,2,0,0,0,0,0,0,1
2023-wimbledon-1302,Alexander Zverev,Matteo Berrettini,01:59:32,2,12,105,0,1,6,5,15,15,2,1,2,52,53,0,0,0,0,0,0,0,0,0,1,0,0,0,0,0,0,0,0,0,0,0,13.262,8.246,3,113.0,W,CTL,D,7172,2023-wimbledon-1302_S2_G12_P105,2,0,0,0,0,0,0,1
2023-wimbledon-1302,Alexander Zverev,Matteo Berrettini,02:00:16,2,12,106,0,1,6,5,15,30,2,1,2,52,54,0,0,0,0,0,0,0,0,0,1,0,0,0,0,0,0,0,0,0,0,0,11.803,8.672,3,117.0,C,NCTL,D,7216,2023-wimbledon-1302_S2_G12_P106,2,0,0,0,0,0,0,1
2023-wimbledon-1302,Alexander Zverev,Matteo Berrettini,02:00:47,2,12,107,0,1,6,5,15,40,2,1,2,52,55,2,0,0,0,0,1,F,0,0,0,0,0,1,0,1,0,0,0,0,0,0,6.848,5.163,3,,C,NCTL,D,7247,2023-wimbledon-1302_S2_G12_P107,2,0,0,0,0,0,1,0
2023-wimbledon-1302,Alexander Zverev,Matteo Berrettini,02:01:41,2,13,108,0,1,6,6,0,0,1,1,1,53,55,0,0,0,0,1,0,F,0,0,0,0,1,0,1,0,0,0,0,0,0,0,16.204,19.978,5,126.0,BW,NCTL,ND,7301,2023-wimbledon-1302_S2_G13_P108,2,1,0,0,0,0,1,0
2023-wimbledon-1302,Alexander Zverev,Matteo Berrettini,02:02:24,2,13,109,0,1,6,6,1,0,2,1,2,53,56,0,0,0,0,0,0,0,0,0,0,0,0,0,0,0,0,0,0,0,0,0,14.152,12.727,3,124.0,C,NCTL,D,7344,2023-wimbledon-1302_S2_G13_P109,2,1,0,0,0,0,0,0
2023-wimbledon-1302,Alexander Zverev,Matteo Berrettini,02:02:58,2,13,110,0,1,6,6,1,1,2,1,2,53,57,0,0,0,0,0,0,0,0,0,0,0,0,0,0,0,0,0,0,0,0,0,6.819,5.452,1,125.0,C,NCTL,ND,7378,2023-wimbledon-1302_S2_G13_P110,2,1,0,0,0,0,0,0
2023-wimbledon-1302,Alexander Zverev,Matteo Berrettini,02:03:30,2,13,111,0,1,6,6,1,2,1,2,2,53,58,0,0,0,0,0,0,0,0,0,0,0,0,0,0,0,0,0,0,0,0,0,66.158,73.829,18,81.0,BW,NCTL,ND,7410,2023-wimbledon-1302_S2_G13_P111,2,1,1,0,0,0,0,0
2023-wimbledon-1302,Alexander Zverev,Matteo Berrettini,02:04:55,2,13,112,0,1,6,6,1,3,1,1,1,54,58,0,0,1,0,1,0,0,0,0,0,0,0,0,0,0,0,0,0,0,0,0,0.786,0.886,1,134.0,C,NCTL,,7495,2023-wimbledon-1302_S2_G13_P112,2,1,0,0,1,0,1,0
2023-wimbledon-1302,Alexander Zverev,Matteo Berrettini,02:05:33,2,13,113,0,1,6,6,2,3,2,1,2,54,59,0,0,0,1,0,1,0,0,0,0,0,0,0,0,0,0,0,0,0,0,0,1.766,0.691,1,124.0,W,CTL,,7533,2023-wimbledon-1302_S2_G13_P113,2,1,0,0,1,0,1,0
2023-wimbledon-1302,Alexander Zverev,Matteo Berrettini,02:06:39,2,13,114,0,1,6,6,2,4,2,1,2,54,60,0,0,0,0,0,0,0,0,0,0,0,0,0,0,0,0,0,0,0,0,0,9.438,9.456,1,119.0,W,NCTL,ND,7599,2023-wimbledon-1302_S2_G13_P114,2,1,0,0,0,0,0,0
2023-wimbledon-1302,Alexander Zverev,Matteo Berrettini,02:07:13,2,13,115,0,1,6,6,2,5,1,1,1,55,60,0,0,0,0,0,0,0,0,0,0,0,1,0,1,0,0,0,0,0,0,0,13.647,13.896,3,127.0,C,CTL,ND,7633,2023-wimbledon-1302_S2_G13_P115,2,1,0,0,0,0,0,0
2023-wimbledon-1302,Alexander Zverev,Matteo Berrettini,02:07:45,2,13,116,0,1,6,6,3,5,1,1,1,56,60,0,0,0,0,0,0,0,0,0,0,0,0,0,0,0,0,0,0,0,0,0,6.443,5.984,1,130.0,C,NCTL,D,7665,2023-wimbledon-1302_S2_G13_P116,2,1,0,0,0,0,0,0
2023-wimbledon-1302,Alexander Zverev,Matteo Berrettini,02:08:24,2,13,117,0,1,6,6,4,5,2,1,2,56,61,0,0,0,0,0,0,0,0,0,0,0,0,1,0,1,0,0,0,0,0,0,16.192,12.259,3,125.0,C,NCTL,ND,7704,2023-wimbledon-1302_S2_G13_P117,2,1,0,0,0,0,0,0
2023-wimbledon-1302,Alexander Zverev,Matteo Berrettini,02:08:59,2,13,118,0,1,6,6,4,6,2,1,2,56,62,2,2,0,1,0,1,0,0,0,0,0,0,0,0,0,0,0,0,0,0,0,0.976,0.722,1,130.0,C,NCTL,,7739,2023-wimbledon-1302_S2_G13_P118,2,1,0,0,1,0,1,0
2023-wimbledon-1302,Alexander Zverev,Matteo Berrettini,02:11:25,3,1,119,0,2,0,0,0,0,2,1,2,56,63,0,0,0,0,0,0,0,0,0,0,0,0,0,0,0,0,0,0,0,0,0,6.135,3.616,1,109.0,W,CTL,D,7885,2023-wimbledon-1302_S3_G1_P119,2,0,0,0,0,0,0,0
2023-wimbledon-1302,Alexander Zverev,Matteo Berrettini,02:11:46,3,1,120,0,2,0,0,0,15,2,2,2,56,64,0,0,0,0,0,0,0,0,0,1,0,0,0,0,0,0,0,0,0,0,0,6.506,4.801,1,102.0,BC,NCTL,D,7906,2023-wimbledon-1302_S3_G1_P120,2,0,1,0,0,0,0,1
2023-wimbledon-1302,Alexander Zverev,Matteo Berrettini,02:12:20,3,1,121,0,2,0,0,0,30,2,1,2,56,65,0,0,0,0,0,0,0,0,0,0,0,0,1,0,1,0,0,0,0,0,0,31.363,30.827,5,113.0,BW,NCTL,ND,7940,2023-wimbledon-1302_S3_G1_P121,2,0,0,0,0,0,0,0
2023-wimbledon-1302,Alexander Zverev,Matteo Berrettini,02:12:59,3,1,122,0,2,0,0,0,40,2,1,1,57,65,0,0,0,0,1,0,F,0,0,0,0,1,0,1,0,0,0,0,0,0,0,50.761,40.318,12,119.0,C,CTL,ND,7979,2023-wimbledon-1302_S3_G1_P122,2,0,0,0,0,0,1,0
2023-wimbledon-1302,Alexander Zverev,Matteo Berrettini,02:13:45,3,1,123,0,2,0,0,15,40,2,1,1,58,65,0,0,0,0,0,0,0,0,0,0,0,0,0,0,0,0,0,0,0,0,0,8.018,5.137,2,131.0,BC,NCTL,ND,8025,2023-wimbledon-1302_S3_G1_P123,2,0,0,0,0,0,0,0
2023-wimbledon-1302,Alexander Zverev,Matteo Berrettini,02:14:38,3,1,124,0,2,0,0,30,40,2,1,2,58,66,2,0,0,0,0,0,0,0,0,0,0,0,0,0,0,0,0,0,0,0,0,11.14,4.443,1,125.0,W,CTL,ND,8078,2023-wimbledon-1302_S3_G1_P124,2,0,0,0,0,0,0,0
2023-wimbledon-1302,Alexander Zverev,Matteo Berrettini,02:15:36,3,2,125,0,2,0,1,0,0,1,1,2,58,67,0,0,0,0,0,0,0,0,0,1,0,0,0,0,0,0,0,0,0,0,0,9.132,8.154,2,125.0,C,CTL,D,8136,2023-wimbledon-1302_S3_G2_P125,2,0,0,0,0,0,0,1
2023-wimbledon-1302,Alexander Zverev,Matteo Berrettini,02:15:58,3,2,126,0,2,0,1,0,15,1,1,1,59,67,0,0,1,0,1,0,0,0,0,0,0,0,0,0,0,0,0,0,0,0,0,2.773,3.612,1,132.0,C,NCTL,D,8158,2023-wimbledon-1302_S3_G2_P126,2,0,0,0,1,0,1,0
2023-wimbledon-1302,Alexander Zverev,Matteo Berrettini,02:16:22,3,2,127,0,2,0,1,15,15,1,1,1,60,67,0,0,1,0,1,0,0,0,0,0,0,0,0,0,0,0,0,0,0,0,0,0.702,0.822,1,131.0,C,NCTL,,8182,2023-wimbledon-1302_S3_G2_P127,2,0,0,0,1,0,1,0
2023-wimbledon-1302,Alexander Zverev,Matteo Berrettini,02:16:50,3,2,128,0,2,0,1,30,15,1,1,1,61,67,0,0,0,0,1,0,F,0,0,0,0,1,0,1,0,0,0,0,0,0,0,13.685,19.114,5,122.0,BW,NCTL,ND,8210,2023-wimbledon-1302_S3_G2_P128,2,0,0,0,0,0,1,0
2023-wimbledon-1302,Alexander Zverev,Matteo Berrettini,02:17:22,3,2,129,0,2,0,1,40,15,1,2,1,62,67,1,0,0,0,0,0,0,0,0,0,0,0,0,0,0,0,0,0,0,0,0,37.197,35.83,9,98.0,BC,NCTL,ND,8242,2023-wimbledon-1302_S3_G2_P129,2,0,1,0,0,0,0,0
2023-wimbledon-1302,Alexander Zverev,Matteo Berrettini,02:18:36,3,3,130,0,2,1,1,0,0,2,2,1,63,67,0,0,0,0,0,0,0,0,0,0,1,0,0,0,0,0,0,0,0,0,0,15.077,11.106,4,107.0,BW,NCTL,D,8316,2023-wimbledon-1302_S3_G3_P130,2,0,1,0,0,0,0,1
2023-wimbledon-1302,Alexander Zverev,Matteo Berrettini,02:20:04,3,3,131,0,2,1,1,15,0,2,1,1,64,67,0,0,0,0,0,0,0,0,0,0,1,0,1,0,0,0,0,0,0,0,0,23.362,18.425,4,124.0,C,NCTL,D,8404,2023-wimbledon-1302_S3_G3_P131,2,0,0,0,0,0,0,1
2023-wimbledon-1302,Alexander Zverev,Matteo Berrettini,02:20:41,3,3,132,0,2,1,1,30,0,2,1,2,64,68,0,0,0,1,0,1,0,0,0,0,0,0,0,0,0,0,0,0,0,0,0,0.66,0.657,1,127.0,C,NCTL,,8441,2023-wimbledon-1302_S3_G3_P132,2,0,0,0,1,0,1,0
2023-wimbledon-1302,Alexander Zverev,Matteo Berrettini,02:21:06,3,3,133,0,2,1,1,30,15,2,1,2,64,69,0,0,0,0,0,0,0,0,0,1,0,0,0,0,0,0,0,0,0,0,0,49.653,50.677,13,127.0,W,CTL,ND,8466,2023-wimbledon-1302_S3_G3_P133,2,0,0,0,0,0,0,1
2023-wimbledon-1302,Alexander Zverev,Matteo Berrettini,02:21:57,3,3,134,0,2,1,1,30,30,2,2,2,64,70,0,0,0,0,0,0,0,0,0,1,0,0,0,0,0,0,0,0,0,0,0,4.963,3.215,1,106.0,B,NCTL,ND,8517,2023-wimbledon-1302_S3_G3_P134,2,0,1,0,0,0,0,1
2023-wimbledon-1302,Alexander Zverev,Matteo Berrettini,02:22:41,3,3,135,0,2,1,1,30,40,2,1,2,64,71,2,0,0,0,0,1,F,0,0,0,0,0,0,0,0,0,0,0,0,0,0,26.462,16.057,5,127.0,C,CTL,D,8561,2023-wimbledon-1302_S3_G3_P135,2,0,0,0,0,0,1,0
2023-wimbledon-1302,Alexander Zverev,Matteo Berrettini,02:24:53,3,4,136,0,2,1,2,0,0,1,1,1,65,71,0,0,0,0,0,0,0,0,0,0,0,0,0,0,0,0,0,0,0,0,0,5.829,3.979,1,131.0,BC,NCTL,D,8693,2023-wimbledon-1302_S3_G4_P136,2,0,0,0,0,0,0,0
2023-wimbledon-1302,Alexander Zverev,Matteo Berrettini,02:25:14,3,4,137,0,2,1,2,15,0,1,2,2,65,72,0,0,0,0,0,1,B,0,0,0,0,0,1,0,1,0,0,0,0,0,0,13.754,22.079,4,101.0,W,NCTL,ND,8714,2023-wimbledon-1302_S3_G4_P137,2,0,1,0,0,0,1,0
2023-wimbledon-1302,Alexander Zverev,Matteo Berrettini,02:25:54,3,4,138,0,2,1,2,15,15,1,1,1,66,72,0,0,1,0,1,0,0,0,0,0,0,0,0,0,0,0,0,0,0,0,0,0.958,1.063,1,119.0,W,CTL,,8754,2023-wimbledon-1302_S3_G4_P138,2,0,0,0,1,0,1,0
2023-wimbledon-1302,Alexander Zverev,Matteo Berrettini,02:26:16,3,4,139,0,2,1,2,30,15,1,1,1,67,72,0,0,0,0,0,0,0,0,0,0,0,1,0,1,0,0,0,0,0,0,0,6.876,5.083,1,128.0,W,CTL,D,8776,2023-wimbledon-1302_S3_G4_P139,2,0,0,0,0,0,0,0
2023-wimbledon-1302,Alexander Zverev,Matteo Berrettini,02:26:39,3,4,140,0,2,1,2,40,15,1,1,1,68,72,1,0,0,0,0,0,0,0,0,0,0,0,0,0,0,0,0,0,0,0,0,5.246,6.675,1,131.0,C,NCTL,ND,8799,2023-wimbledon-1302_S3_G4_P140,2,0,0,0,0,0,0,0
2023-wimbledon-1302,Alexander Zverev,Matteo Berrettini,02:27:18,3,5,141,0,2,2,2,0,0,2,2,2,68,73,0,0,0,0,0,0,0,0,0,0,0,1,0,0,0,0,0,0,0,0,0,33.09,20.511,5,110.0,BW,CTL,D,8838,2023-wimbledon-1302_S3_G5_P141,2,0,1,0,0,0,0,0
2023-wimbledon-1302,Alexander Zverev,Matteo Berrettini,02:28:04,3,5,142,0,2,2,2,0,15,2,2,2,68,74,0,0,0,0,0,0,0,0,0,1,0,0,0,0,0,0,0,0,0,0,0,19.391,14.975,3,104.0,B,NCTL,ND,8884,2023-wimbledon-1302_S3_G5_P142,2,0,1,0,0,0,0,1
2023-wimbledon-1302,Alexander Zverev,Matteo Berrettini,02:28:46,3,5,143,0,2,2,2,0,30,2,1,1,69,74,0,0,0,0,1,0,B,0,0,0,0,1,0,1,0,0,0,0,0,0,0,38.597,30.958,10,118.0,BW,NCTL,D,8926,2023-wimbledon-1302_S3_G5_P143,2,0,0,0,0,0,1,0
2023-wimbledon-1302,Alexander Zverev,Matteo Berrettini,02:29:31,3,5,144,0,2,2,2,15,30,2,1,2,69,75,0,0,0,0,0,0,0,0,0,0,0,0,0,0,0,0,0,0,0,0,0,9.673,4.72,1,128.0,C,NCTL,D,8971,2023-wimbledon-1302_S3_G5_P144,2,0,0,0,0,0,0,0
2023-wimbledon-1302,Alexander Zverev,Matteo Berrettini,02:29:56,3,5,145,0,2,2,2,15,40,2,1,2,69,76,2,0,0,0,0,0,0,0,0,0,0,0,0,0,0,0,0,0,0,0,0,1.47,1.043,1,135.0,C,CTL,,8996,2023-wimbledon-1302_S3_G5_P145,2,0,0,0,0,0,0,0
2023-wimbledon-1302,Alexander Zverev,Matteo Berrettini,02:31:39,3,6,146,0,2,2,3,0,0,1,1,1,70,76,0,0,1,0,1,0,0,0,0,0,0,0,0,0,0,0,0,0,0,0,0,0.881,0.96,1,121.0,W,CTL,,9099,2023-wimbledon-1302_S3_G6_P146,2,0,0,0,1,0,1,0
2023-wimbledon-1302,Alexander Zverev,Matteo Berrettini,02:31:57,3,6,147,0,2,2,3,15,0,1,1,1,71,76,0,0,1,0,1,0,0,0,0,0,0,0,0,0,0,0,0,0,0,0,0,0.74,0.873,1,123.0,C,NCTL,,9117,2023-wimbledon-1302_S3_G6_P147,2,0,0,0,1,0,1,0
2023-wimbledon-1302,Alexander Zverev,Matteo Berrettini,02:32:13,3,6,148,0,2,2,3,30,0,1,1,1,72,76,0,0,0,0,0,0,0,0,0,0,0,1,0,1,0,0,0,0,0,0,0,11.758,11.851,3,133.0,C,NCTL,ND,9133,2023-wimbledon-1302_S3_G6_P148,2,0,0,0,0,0,0,0
2023-wimbledon-1302,Alexander Zverev,Matteo Berrettini,02:32:37,3,6,149,0,2,2,3,40,0,1,1,1,73,76,1,0,0,0,0,0,0,0,0,0,0,1,0,1,0,0,0,0,0,0,0,10.704,13.791,3,125.0,W,CTL,,9157,2023-wimbledon-1302_S3_G6_P149,2,0,0,0,0,0,0,0
2023-wimbledon-1302,Alexander Zverev,Matteo Berrettini,02:33:23,3,7,150,0,2,3,3,0,0,2,1,1,74,76,0,0,0,0,0,0,0,0,0,0,1,0,1,0,0,0,0,0,0,0,0,14.698,15.392,4,130.0,C,CTL,ND,9203,2023-wimbledon-1302_S3_G7_P150,2,0,0,0,0,0,0,1
2023-wimbledon-1302,Alexander Zverev,Matteo Berrettini,02:33:53,3,7,151,0,2,3,3,15,0,2,1,2,74,77,0,0,0,0,0,0,0,0,0,0,0,0,0,0,0,0,0,0,0,0,0,79.474,70.48,17,127.0,C,CTL,D,9233,2023-wimbledon-1302_S3_G7_P151,2,0,0,0,0,0,0,0
2023-wimbledon-1302,Alexander Zverev,Matteo Berrettini,02:35:02,3,7,152,0,2,3,3,15,15,2,1,2,74,78,0,0,0,1,0,1,0,0,0,0,0,0,0,0,0,0,0,0,0,0,0,1.035,0.85,1,128.0,C,NCTL,,9302,2023-wimbledon-1302_S3_G7_P152,2,0,0,0,1,0,1,0
2023-wimbledon-1302,Alexander Zverev,Matteo Berrettini,02:35:27,3,7,153,0,2,3,3,15,30,2,1,2,74,79,0,0,0,1,0,1,0,0,0,0,0,0,0,0,0,0,0,0,0,0,0,0.801,0.613,1,127.0,W,CTL,,9327,2023-wimbledon-1302_S3_G7_P153,2,0,0,0,1,0,1,0
2023-wimbledon-1302,Alexander Zverev,Matteo Berrettini,02:35:52,3,7,154,0,2,3,3,15,40,2,1,1,75,79,0,0,0,0,0,0,0,0,0,0,1,0,0,0,0,0,0,0,0,0,0,22.441,14.301,4,118.0,W,NCTL,ND,9352,2023-wimbledon-1302_S3_G7_P154,2,0,0,0,0,0,0,1
2023-wimbledon-1302,Alexander Zverev,Matteo Berrettini,02:36:27,3,7,155,0,2,3,3,30,40,2,2,1,76,79,0,0,0,0,0,0,0,0,0,0,0,0,0,0,0,0,0,0,0,0,0,20.444,19.529,6,101.0,B,NCTL,ND,9387,2023-wimbledon-1302_S3_G7_P155,2,0,1,0,0,0,0,0
2023-wimbledon-1302,Alexander Zverev,Matteo Berrettini,02:37:18,3,7,156,0,2,3,3,40,40,2,1,2,76,80,0,0,0,0,0,0,0,0,0,0,0,0,0,0,0,0,0,0,0,0,0,8.014,5.974,1,130.0,C,NCTL,D,9438,2023-wimbledon-1302_S3_G7_P156,2,0,0,0,0,0,0,0
2023-wimbledon-1302,Alexander Zverev,Matteo Berrettini,02:37:45,3,7,157,0,2,3,3,40,AD,2,1,2,76,81,2,0,0,1,0,1,0,0,0,0,0,0,0,0,0,0,0,0,0,0,0,1.464,0.889,1,125.0,W,CTL,,9465,2023-wimbledon-1302_S3_G7_P157,2,0,0,0,1,0,1,0
